2953 3847
2628 171 2652 214 '1

513 329 584 360 us.
619 317 704 360 284
734 313 799 355 τὸν
821 310 969 369 Ἴστρον
1000 310 1115 369 φησὶν
1156 313 1199 354 ἐκ
1230 314 1303 353 τῶν
1327 310 1599 367 Ὑπερβορέων
1629 309 1921 367 καταφέρεσθαι
1961 307 2025 350 καὶ
2066 310 2137 350 τῶν
2161 305 2356 350 ζΡιπαίων
2395 306 2494 364 ὀρῶν
2530 304 2654 362 (οὕτω

307 383 351 426 δὲ
380 382 487 425 εἶπεν
518 382 743 426 ἀκολουθῶν
765 381 968 439 Αἰσχύλωι
998 383 1038 424 ἐν
1069 380 1271 438 Λυομένωι
1302 379 1509 437 Προμηθεῖ
1540 379 1644 436 [frg.
1681 379 1785 435 197]
1819 378 1967 435 λέγοντι
2004 378 2157 433 τοῦτο),
2197 376 2401 433 γενόμενον
2437 376 2482 420 δὲ
2513 377 2656 433 μεταξὺ

305 454 465 496 Σκυθῶν
504 451 570 495 καὶ
600 453 775 509 Θραικῶν
815 450 1020 508 σχίζεσθαι
1059 450 1124 492 καὶ
1162 451 1214 492 ‘to'
1242 449 1312 506 μὲν
1343 450 1396 496 εἰς
1432 449 1499 505 τήν
1529 447 1622 491 καθ’
1656 447 1759 504 ἡμᾶς
1791 448 1992 492 θάλασσαν
2023 447 2226 504 ἐκβάλλειν
2256 447 2421 503 ῥεῖθρον,
2450 446 2495 489 τὸ
2525 445 2570 488 δὲ
2600 446 2654 494 εἰς

304 521 374 577 τήν
416 521 603 574 Ποντικὴν
646 521 848 564 θάλασσαν
889 519 1095 569 ἐκπίπτειν,
1134 518 1177 561 τὸ
1219 518 1263 561 δὲ
1301 519 1355 566 εἰς
1393 518 1458 561 τὸν
1489 517 1723 574 Ἀδριατικὸν
1763 517 1915 561 κόλπον.
1984 516 2155 573 Σκύμνος
2193 515 2238 559 δὲ
2277 517 2318 560 ἐν
2353 519 2418 572 τῆι
2444 515 2529 572 [ῖ]Ξ
2559 513 2655 572 Περὶ

307 590 492 648 Εὐρώπης
524 589 618 633 αὐτὸ
656 590 769 646 μόνον
806 588 921 648 φησὶν
961 588 1038 632 ἀπὸ
1071 587 1225 646 ἐρήμων
1255 587 1445 646 φέρεσθαι
1474 578 1544 631 viv
1563 584 1724 645 Ἴστρον.
1779 586 1789 603 ³
1807 586 1953 631 Ρίπαια
1989 585 2033 629 δὲ
2073 583 2144 643 ὄρη
2176 589 2216 629 ἐν
2246 586 2328 634 ταῖς
2359 583 2537 633 ἀντολαῖς
2571 584 2652 641 [PL

303 661 355 710 ὡς
403 658 659 719 Καλλίμαχος
715 661 819 718 {fl-g.
863 659 997 715 2151·
1063 656 1248 702 Ῥιπαίου
1297 657 1511 714 πέμπουσιν
1540 657 1628 700 ἀπ’
1672 655 1805 715 οὔρεος
1844 654 1915 715 ἧχι
1956 656 2134 713 μάλιστα.
2206 654 2493 712 Ἐρατοσθένης
2529 653 2574 696 δὲ
2613 656 2653 696 ἐν

304 730 434 788 τρίτωι
475 730 756 787 Γεωγραφικῶν
798 734 835 780 ἐξ
877 730 1032 788 ἐρήμων
1078 729 1206 771 τόπων
1247 729 1343 785 ῥεῖν,
1392 727 1636 784 περιβάλλειν
1677 726 1720 769 δὲ
1760 731 1875 783 νῆσον
1919 726 2084 781 Πεύκην.
2153 724 2279 773 οὐδεὶς
2321 724 2365 768 δὲ
2406 725 2550 781 ἱστορεῖ
2588 725 2652 767 διὰ

304 800 439 844 τούτου
469 801 556 849 τούς
589 799 841 858 Ἀργοναύτας
873 799 1189 843 εἰσπεπλευκέναι
1235 798 1289 845 εἰς
1328 796 1396 853 την
1434 796 1624 856 ἡμετέραν
1670 796 1873 840 θάλασσαν
1916 795 1989 845 ἔξω
2028 795 2250 852 Τιμαγήτου
2295 793 2341 837 ὧι
2384 793 2653 851 ἠκολούθησεν

301 870 560 919 Ἀπολλώνιος.
620 870 641 912 ὁ
673 870 742 926 μὲν
771 870 845 926 γὰρ
875 869 1046 926 Σκύμνος
1077 867 1215 917 αὐτοὺς
1245 869 1309 910 διὰ
1341 866 1528 915 Τανάιδος
1558 867 1816 910 πεπλευκέναι
1854 865 1916 909 ἐπὶ
1947 867 2014 923 τὴν
2045 866 2218 922 μεγάλην
2250 866 2463 916 θάλασσαν,
2504 864 2652 908 ἐκεῖθεν

305 941 348 985 δὲ
386 942 440 990 εἰς
477 940 546 997 τήν
582 939 774 998 ἡμετέραν
814 938 1013 982 θάλασσαν
1052 938 1296 994 ἐληλυθέναι.
1355 935 1420 979 καὶ
1450 937 1778 995 παρεκβολεύεται
1815 935 1864 984 ὡς
1902 933 1978 993 ἄρα
2018 936 2197 984 ἐλθόντες
2237 934 2300 979 ἐπὶ
2329 936 2398 992 τήν
2428 932 2586 992 ἤπειρον
2616 936 2651 977 οἱ

302 1012 551 1068 Ἀργοναῦται
599 1009 662 1062 ἐπὶ
709 1008 936 1066 στρωτήρων
990 1009 1174 1065 ἐκόμισαν
1228 1008 1295 1061 τήν
1336 1006 1459 1063 Ἀργὼ
1504 1008 1638 1064 μέχρις
1683 1004 1729 1048 οὗ
1774 1006 1838 1048 ἐπὶ
1884 1007 2084 1048 θάλασσαν
2134 1007 2398 1063 παρεγένοντο.
2466 1005 2650 1053 (Ησίοδος

311 1081 415 1138 [frg.
461 1081 538 1135 87]
587 1079 629 1122 δὲ
675 1080 739 1121 διά
785 1078 955 1126 Φάσιδος
1008 1077 1147 1125 αὐτοῦς
1193 1076 1509 1119 εἰσπεπλευκέναι
1553 1077 1668 1132 λέγει.
1732 1075 1943 1123 (Εκαταῖος
1988 1075 2031 1118 δὲ
2075 1093 2100 1116 α
2133 1093 2158 1116 ⁴ae
2197 1074 2503 1132 (Ἀρτεμίδωρος
2548 1078 2650 1121 siue

302 1150 588 1208 Ἐρατοσθένης
633 1148 709 1203 δὲ)
751 1148 923 1206 ἐλέγχων
969 1146 1084 1189 αὐτὸν
1130 1147 1273 1203 ἱστορεῖ
1325 1145 1378 1202 μὴ
1435 1146 1627 1188 ἐκδιδόναι
1683 1146 1736 1193 εἰς
1787 1146 1855 1201 τὴν
1903 1145 2104 1188 θάλασσαν
2149 1145 2212 1188 τὸν
2256 1146 2405 1188 Φᾶσιν·
2448 1144 2540 1188 οὐδὲ
2585 1145 2649 1188 διὰ

305 1220 493 1269 Τανάιδος
539 1219 741 1269 ἔπλευσαν,
787 1216 888 1260 ἀλλὰ
933 1217 1032 1260 κατὰ
1078 1216 1141 1258 τὸν
1186 1215 1301 1259 αὐτὸν
1347 1218 1465 1258 πλοῦν
1510 1214 1602 1258 καθ’
1647 1213 1689 1258 ὃν
1730 1214 1794 1258 καὶ
1835 1215 2029 1272 πρότερον,
2069 1215 2120 1263 ὡς
2159 1216 2362 1272 Σοφοκλῆς
2404 1215 2444 1257 ἐν
2481 1214 2649 1263 Σκύθαις

309 1290 412 1348 [frg.
446 1289 553 1345 504]
588 1287 737 1344 ἱστορεῖ.
782 1285 847 1330 καὶ
880 1286 1134 1346 Καλλίμαχος
1166 1301 1191 1326 α
1224 1301 1249 1326 φ

512 1357 774 1404 Hesiodum
817 1358 1205 1415 antiquissimum
1257 1362 1493 1401 auctorem
1533 1357 1838 1411 Argonautas
1884 1369 1966 1414 per
2007 1354 2266 1400 Phasidem
2315 1357 2364 1399 in
2408 1354 2649 1401 Oceanum

306 1431 602 1486 nauigantes,
643 1433 744 1473 tum
776 1427 834 1473 ad
867 1420 1212 1493 Libysjiriinrm
1237 1427 1518 1493 ’exteriorem
1551 1427 1797 1471 uenientes
1828 1439 2095 1483 nauemque
2125 1425 2335 1469 humeris
2366 1439 2449 1483 per
2478 1430 2648 1470 terram

306 1512 455 1556 usque
487 1499 545 1544 ad
577 1511 704 1543 mare
734 1500 962 1544 internum
992 1498 1013 1543 f
1044 1503 1086 1544 ia
1116 1499 1203 1553 ales
1234 1496 1401 1541 fecisse
1432 1510 1488 1540 ex
1514 1495 1709 1540 Pindari
1741 1498 2004 1542 imitatione
2035 1495 2236 1552 planum
2267 1494 2341 1539 fit:
2374 1495 2428 1539 cf.
2461 1510 2529 1540 us.
2564 1499 2644 1540 211

305 1571 343 1616 ἐς
373 1569 499 1610 Φᾶσιν
540 1568 575 1609 δ’
611 1567 756 1609 ἔπειτεν
795 1564 936 1624 ἤλυθον
957 1601 996 1612 ..
1027 1572 1119 1631 *151
1154 1567 1194 1609 ἐν
1223 1565 1250 1607 τ’
1282 1565 1472 1608 Ὠκεανοῦ
1512 1565 1721 1621 πελάγεσσι
1760 1564 1867 1621 μίγεν
1898 1565 2039 1608 πόντωι
2069 1563 2097 1606 τ’
2128 1564 2323 1621 ’Ἐρυθραὶ
2342 1598 2351 1606 .
2372 1598 2381 1606 .
2412 1568 2468 1611 26
2498 1565 2647 1608 δώδεκα

303 1637 346 1679 δὲ
377 1637 558 1695 πρότερον
599 1637 746 1694 ἁμέρας
785 1639 823 1685 ἐξ
848 1636 1252 1693 Ὠκεανοῦῧφέρομεν
1291 1635 1419 1678 νώτων
1458 1633 1551 1691 ὅπερ
1591 1634 1704 1690 γαίας
1735 1635 1891 1692 ἐρήμων
1922 1635 2087 1678 εἰνάλιον
2125 1634 2229 1691 δόρυ.
2299 1637 2332 1680 ii
2373 1637 2516 1690 igitur
2555 1634 2648 1680 loci

304 1706 594 1752 scholiorum
637 1709 718 1764 qui
759 1706 816 1751 ad
858 1705 1124 1751 Hesiodum
1162 1708 1397 1764 pertinent
1436 1720 1532 1750 non
1573 1711 1645 1750 est
1686 1721 1768 1750 cur
1798 1711 2054 1756 mutentur,
2087 1704 2227 1750 modo
2268 1707 2468 1749 teneatis
2499 1705 2646 1750 altero

304 1775 488 1823 scholio
553 1777 749 1821 alteram
806 1774 1070 1821 Hesiodeae
1132 1777 1414 1821 narrationis
1477 1780 1655 1833 partem
1721 1791 1825 1821 esse
1887 1777 2124 1821 omissam.
2216 1779 2456 1831 praeterea
2512 1774 2647 1821 facilc

303 1846 689 1891 animaduertetis
732 1846 993 1903 Scymnum
1041 1845 1164 1890 nihil
1203 1851 1413 1891 mutasse
1454 1848 1545 1903 nisi
1586 1845 1712 1903 quod
1751 1848 1977 1903 antiquae
2014 1846 2274 1891 narrationi
2314 1858 2398 1902 pro
2440 1844 2645 1891 Phaside

303 1915 485 1961 Tanain
526 1915 779 1966 induxerit,
820 1916 922 1960 sine
962 1913 1109 1959 dubio
1150 1915 1468 1972 geographiae
1507 1920 1716 1960 mutatae
1753 1917 1935 1961 ratione
1965 1915 2141 1961 habita.
2204 1916 2300 1960 iam
2332 1928 2442 1960 uero
2474 1928 2647 1971 magna

304 1987 517 2043 quaestio
552 1986 700 2030 oritur
730 1984 787 2030 de
818 1983 1066 2035 Hecataeo,
1108 1989 1265 2029 utrum
1306 1984 1457 2030 multo
1499 1990 1608 2030 ante
1639 1984 2002 2030 Eratosthenem
2044 1987 2290 2042 antiquam
2328 1986 2644 2031 narrationem

302 2070 359 2100 ex
390 2055 583 2101 meliore
613 2054 745 2100 illius
778 2055 943 2099 isthmi
976 2056 1159 2106 notitia,
1191 2056 1273 2112 qui
1304 2057 1424 2099 inter
1444 2054 1652 2100 Pontum
1674 2055 1919 2100 Euxinum
1950 2060 1996 2100 et
2026 2069 2153 2100 mare
2176 2055 2403 2112 Caspium
2434 2057 2644 2112 porrigit,

302 2125 641 2182 improbauerit
686 2138 746 2168 an
789 2138 885 2168 non
925 2123 1067 2168 modo
1109 2123 1305 2176 Phasin,
1345 2123 1428 2168 sed
1459 2124 1621 2169 Nilum
1665 2138 1852 2181 quoque
1893 2138 2000 2169 cum
2032 2125 2221 2170 Oceano
2253 2125 2499 2169 cohaerere
2530 2138 2642 2169 con-

302 2192 514 2237 tenderit.
590 2207 642 2236 ac
684 2195 889 2250 primum
938 2192 1127 2249 quidem
1174 2198 1389 2237 constare
1432 2194 1549 2238 mihi
1592 2193 1781 2238 uidetur
1823 2207 1926 2238 eam
1971 2193 2347 2238 emendationem
2391 2207 2485 2250 qua
2529 2195 2643 2238 haec

303 2264 462 2319 opinio
501 2264 791 2309 restituatur,
828 2262 923 2307 alia
964 2277 1058 2318 qua
1100 2264 1175 2306 cui
1207 2256 1340 2307 illam
1383 2265 1666 2308 sententiam
1710 2277 1767 2308 cx
1811 2264 1968 2309 uerbis
2007 2262 2193 2308 traditis
2234 2262 2398 2308 elicere
2437 2262 2642 2315 libuerit,

301 2331 452 2377 multo
494 2346 598 2376 esse
639 2330 908 2377 faciliorem.
980 2337 1082 2376 tum
1124 2347 1235 2378 uero
1274 2330 1544 2378 Herodotus
1587 2332 1650 2388 [2,
1682 2332 1759 2387 21]
1802 2347 1894 2390 quo
1933 2332 2036 2378 loco
2071 2331 2356 2379 Graecorum
2396 2334 2641 2390 opiniones

301 2401 357 2446 de
407 2400 508 2447 Nili
558 2400 872 2447 inundatione
922 2405 1152 2454 recenset,
1212 2404 1332 2447 inter
1383 2400 1628 2448 Thaletem
1682 2407 1727 2448 et
1771 2403 2109 2459 Anaxagoram
2166 2403 2355 2448 teitium
2407 2402 2640 2460 quendam

302 2470 532 2518 Graecum
564 2471 700 2530 ponit
730 2472 811 2529 qui
841 2472 1047 2529 pessime
1076 2473 1288 2519 omnium
1311 2469 1481 2518 dixerit
1510 2470 1587 2514 ἀπὸ
1608 2475 1675 2514 τοῦ
1693 2470 1885 2515 Ὠκεανοῦ
1915 2472 2051 2530 ῥέοντα
2084 2470 2199 2515 αὐτὸν
2228 2474 2348 2514 ταῦτα
2376 2475 2639 2531 μηχανᾶσθαι,

299 2558 362 2584 τον
401 2540 445 2584 δὲ
483 2539 671 2584 Ὠκεανὸν
708 2544 779 2597 γῆν
824 2556 871 2582 π
841 2539 910 2598 -ρὶ
950 2545 1078 2584 πᾶσαν
1115 2542 1203 2598 ῥεῖ-ν
1263 2542 1391 2587 hunc
1422 2541 1710 2588 Hecataeum
1751 2557 1853 2587 esse
1892 2543 2129 2601 putabant
2157 2543 2251 2588 fere
2295 2557 2470 2595 omnes,
2501 2548 2640 2601 negat

301 2611 473 2668 Berger
516 2612 581 2669 [p.
617 2615 697 2657 107
730 2611 822 2667 sq]
869 2613 999 2656 mira
1025 2611 1231 2668 quadam
1271 2617 1317 2656 et
1355 2616 1569 2658 contorta
1605 2614 1978 2659 ratiocinatione.
2050 2619 2170 2658 certe
2207 2614 2369 2659 Ionem
2406 2612 2638 2670 quendam

300 2682 434 2737 tangi
478 2681 706 2738 probatur
747 2680 851 2726 loco
899 2679 983 2726 illo
1029 2680 1140 2725 libri
1187 2682 1342 2737 quarti
1392 2681 1684 2739 [361ῳιοηι
1730 2696 1875 2739 supra
1921 2685 2160 2740 exscripsi.
2238 2687 2287 2726 at
2330 2695 2426 2726 non
2473 2681 2639 2727 Graeci

299 2749 549 2795 cuiusdam
581 2749 664 2794 sed
695 2748 991 2795 sacerdotum
1015 2750 1361 2806 Aegyptiorum
1383 2752 1475 2795 ista
1498 2753 1658 2807 opinio
1691 2752 1748 2796 de
1769 2751 1880 2796 Nilo
1912 2751 2017 2804 fuit,
2042 2751 2274 2809 siquidem
2297 2750 2638 2807 Agatharchidi

302 2819 396 2876 [ap.
440 2817 577 2863 Diod.
624 2822 661 2870 1,
704 2822 773 2869 37,
813 2818 859 2872 7]
905 2818 1004 2863 ulla
1045 2817 1163 2863 fides
1216 2818 1433 2864 habenda
1474 2824 1555 2864 est.
1634 2822 1851 2872 minime3
1906 2835 2212 2878 quaecunque
2261 2822 2385 2865 enim
2430 2821 2636 2866 rationes

298 2886 358 2931 ad
391 2886 632 2933 Oceanum
671 2890 921 2945 pertinent,
961 2893 1178 2933 naturam
1221 2893 1362 2946 atque
1402 2891 1630 2943 originem
1663 2888 1891 2935 Graecam
1924 2905 2067 2947 quam
2106 2891 2397 2948 apertissime
2428 2889 2637 2947 produnt

298 2960 344 3000 et
398 2961 576 3002 certum
623 2958 782 3003 obstat
827 2956 1056 3003 Herodoti
1101 2960 1425 3003 testimonium
1470 2957 1531 3014 [2,
1573 2959 1672 3014 191:
1719 2958 1863 3000 τούτων
1908 2956 1959 3000 ὧν
2004 2960 2088 3016 πέρι
2130 2958 2282 3005 οὐδενὸς
2325 2957 2437 3000 οὐδὲν
2476 2957 2555 3006 οἷός
2595 2976 2637 3001 τε

297 3024 482 3080 ἐγενόμην
522 3027 763 3083 παραλαβεῖν
804 3025 923 3083 [παρὰ
965 3026 1053 3071 del.
1092 3026 1292 3084 Kriiger]
1332 3030 1403 3068 τῶν
1446 3027 1681 3083 Αἰγυπτίων,
1724 3028 1904 3085 ἱστορέων
1951 3028 2087 3076 αὐτοὺς
2129 3026 2256 3084 ἥντινα
2293 3027 2451 3083 δύναμιν
2489 3027 2574 3086 ἔχει
2614 3028 2635 3070 ὁ

298 3093 435 3141 Νεῖλος
474 3095 521 3135 τοὶ
559 3094 724 3150 ἔμπαλιν
764 3096 976 3152 πεφυκέναι
1016 3099 1088 3137 τῶν
1130 3093 1261 3138 ἄλλων
1299 3101 1491 3152 ποταμῶν.
1565 3113 1717 3156 noque
1758 3113 1868 3143 uero
1910 3098 2201 3143 Herodotum
2242 3102 2339 3142 tam
2380 3097 2636 3154 praefracte

298 3162 560 3220 Aegyptios
607 3167 861 3223 quicquam
907 3164 964 3210 de
1002 3164 1315 3212 Nili'natura
1361 3168 1477 3212 scire
1523 3165 1668 3212 fuisse
1713 3171 2008 3224 negaturum,
2055 3168 2147 3212 nisi
2186 3165 2392 3212 Graecus
2440 3166 2635 3224 quidam

296 3234 494 3290 scriptor
539 3234 597 3280 ab
641 3236 746 3292 ipso
787 3237 1096 3293 impugnatus
1137 3237 1485 3295 Aegyptiorum
1531 3239 1856 3282 testimonium
1903 3236 2212 3288 adhibuisset,
2258 3237 2358 3293 ipse
2403 3235 2636 3292 Bergerus

299 3302 364 3358 [p.
401 3303 504 3357 109]
555 3307 800 3350 concessit.
876 3304 1164 3351 Hecataeum
1211 3312 1369 3351 autem
1415 3307 1474 3351 ab
1522 3305 1762 3352 Herodoto
1810 3309 1963 3352 notari
2009 3312 2053 3350 et
2097 3306 2397 3351 acerbissime
2443 3305 2636 3363 quidem

294 3385 401 3415 cum
432 3385 530 3416 non
561 3372 910 3431 Aegyptiorum
941 3377 1229 3427 testimonio,
1261 3375 1344 3419 sed
1375 3381 1620 3434 poetarum
1658 3377 1857 3420 somniis
1888 3374 2028 3419 fidem
2060 3389 2167 3419 eum
2198 3375 2424 3420 tribuisse
2445 3375 2633 3426 diceret,

294 3439 596 3486 Hermannus
628 3442 762 3488 Diels
798 3443 976 3499 [Herm.
1010 3447 1066 3489 22
1096 3460 1139 3502 p.
1173 3444 1279 3499 435]
1316 3447 1586 3490 acutissime
1618 3446 1848 3502 exposuit.
