2953 3847
276 93 334 137 12

279 231 657 279 dominationem
689 231 806 278 urbe
838 228 1031 277 condita
1062 229 1203 278 domo
1244 231 1372 288 regia
1409 233 1627 278 extructa
1663 229 1954 277 satellitibus
1995 229 2297 279 circumdatis
2337 232 2635 281 caerimoniis

279 300 450 349 aulicis
480 301 718 347 institutis
749 299 1026 354 firmauerit,
1055 301 1126 347 ita
1151 304 1287 347 acute
1317 303 1364 346 et
1393 298 1550 359 lepide
1577 303 1615 354 1,
1638 302 1694 346 96
1717 313 1785 359 sq.
1819 304 2064 348 enarratur
2085 305 2140 348 ut
2168 301 2293 348 hanc
2317 303 2636 350 narrationem

278 386 307 418 a
347 371 567 430 sophista
608 369 665 416 de
701 370 843 416 rebus
885 369 1093 427 publicis
1140 369 1416 429 disputante
1456 371 1704 416 inuentam
1752 384 1856 416 esse
1895 384 2141 424 censeam,
2180 376 2235 417 ut
2275 371 2513 430 quomodo
2553 385 2637 430 per

277 444 434 500 ipsam
477 441 711 486 iustitiam
763 439 960 485 libertas
1006 441 1057 484 in
1105 438 1481 485 dominationem
1526 442 1701 486 mutari
1747 443 1905 499 possit
1942 442 2191 499 probetur,
2236 455 2525 500 quamquam
2560 456 2636 488 me

278 511 418 557 firma
448 515 495 555 et
525 514 649 554 certa
679 509 825 554 huius
857 523 990 555 meae
1023 510 1265 567 opinionis
1298 514 1580 564 argumenta
1609 509 1775 555 afferre
1804 525 1903 557 non
1932 525 2076 568 posse
2106 513 2210 569 ipse
2240 510 2479 559 confiteor.
2541 511 2633 559 hoc

278 585 399 625 certe
431 594 573 637 quam
604 581 810 624 maxime
845 578 1052 635 'dignum
1091 584 1164 624 est
1201 577 1339 636 quod
1358 582 1571 630 notetur,
1602 582 1650 624 in
1683 581 1776 624 ista
1813 582 2083 627 narratione
2123 595 2220 627 non
2257 583 2463 627 inueniri
2493 580 2633 628 illum

277 650 512 695 libertatis
544 649 822 707 imperiique
853 647 1101 707 popularis
1134 662 1341 695 amorem
1374 663 1466 706 quo
1499 654 1666 706 poetae
1688 648 1838 695 Attici
1869 653 1916 695 ct
1945 650 2048 707 ipse
2078 647 2351 697 Herodotus
2382 649 2630 698 studiosus

277 717 446 776 populi
491 717 861 763 Atheniensium
912 718 1070 763 fautor
1122 717 1440 775 praecellunt,
1491 718 1574 763 sed
1627 720 1780 774 magis
1835 718 2063 765 callidum
2113 718 2327 765 studium
2376 721 2508 777 ipsas
2559 734 2633 765 res

277 786 594 844 cognoscendi
640 791 859 845 artesque
909 801 989 833 eas
1034 786 1249 834 discendi
1300 787 1473 845 quibus
1523 788 1741 835 homines
1787 802 1885 835 non
1926 790 2069 835 inuiti
2110 792 2157 835 et
2196 787 2325 836 facili
2370 802 2512 848 opera
2558 803 2632 836 re-

276 862 466 915 gantur,
497 855 545 903 id
577 854 792 903 studium
834 855 938 903 dieo
980 858 1116 903 euius
1158 857 1402 917 praeclara
1443 859 1661 916 exempla
1702 858 1931 917 praebent
1960 856 2265 917 Thucydides
2298 857 2472 905 Critias
2505 860 2632 906 eius-

277 925 407 974 modi
438 927 670 973 homines.
733 928 887 985 ipsius
927 942 1039 973 uero
1082 929 1266 986 imperii
1307 930 1422 983 regii
1465 928 1604 985 qualo
1645 928 1772 986 apud
1816 929 1986 974 Persas
2029 941 2158 975 more
2199 930 2354 986 patrio
2396 933 2509 981 erat,
2551 929 2632 975 de-

276 996 428 1043 fensio
477 997 659 1054 optima
704 997 988 1054 proponitur
1033 998 1082 1042 in
1130 996 1321 1053 dialogo
1367 996 1452 1042 illo
1501 997 1801 1045 celeberrimo
1850 1011 1990 1055 quem
2036 1002 2131 1043 tres
2177 998 2396 1043 homines
2442 997 2629 1044 nobiles

277 1065 447 1110 Persas
479 1071 590 1123 post
619 1065 751 1122 Magi
782 1068 1028 1111 interitum
1059 1066 1291 1112 habentes
1322 1066 1593 1112 Herodotus
1636 1069 1698 1123 [3,
1730 1072 1786 1113 80
1817 1067 1908 1124 sq]
1953 1067 2078 1113 facit.
2154 1080 2272 1124 quas
2304 1069 2541 1112 orationes
2572 1067 2633 1112 ab

276 1137 381 1192 ipso
413 1134 656 1181 Herodoto
690 1137 916 1181 inuentas
950 1150 1054 1180 esse
1096 1150 1192 1181 non
1230 1151 1385 1193 posse,
1427 1135 1510 1181 sed
1542 1150 1599 1181 ex
1630 1136 1754 1183 libro
1788 1139 1964 1196 set-ipis)
1995 1136 2273 1194 desumptas
2313 1150 2417 1181 esse
2458 1138 2633 1194 quippe

277 1218 395 1261 quas
427 1206 530 1262 ipse-
560 1204 836 1251 He-rodotus
869 1209 1034 1251 contra
1066 1204 1389 1251 dubitationes
1422 1205 1625 1251 aliorum
1666 1209 1830 1252 aeriter
1870 1205 2139 1252 defenderet
2172 1206 2237 1261 [6,
2267 1204 2364 1259 431,
2399 1204 2632 1250 Ernestus

276 1273 437 1320 Maass
474 1273 653 1329 [Herm.
688 1279 759 1327 22,
795 1290 838 1333 p.
870 1275 977 1330 502]
1019 1275 1138 1321 mihi
1171 1275 1357 1332 quidem
1401 1277 1468 1321 ita
1509 1276 1733 1333 probauit
1774 1281 1825 1321 ut
1865 1276 2111 1325 ,dubitatio
2139 1289 2233 1321 non
2274 1273 2631 1332 relinqueretur,

275 1359 360 1390 nee
391 1347 552 1391 minus
585 1347 769 1401 egregie
810 1344 991 1392 effictas
1034 1360 1112 1391 eas
1155 1360 1258 1391 esse
1300 1345 1644 1392 dtmonstrauit
1684 1360 1712 1391 a
1749 1347 1895 1405 soph
1903 1350 1978 1390 sta
2015 1345 2231 1402 quodam,
2273 1349 2327 1391 ut
2367 1343 2495 1404 quod
2532 1343 2631 1391 dis-

275 1417 453 1461 crimen
485 1417 606 1461 inter
636 1430 792 1462 rerum
822 1415 1126 1473 publicarum
1159 1416 1332 1461 formas
1364 1415 1683 1466 intel-cederat
1714 1417 1921 1497 planum
1905 1413 2092 1460 ifieret
2154 1428 2259 1460 cum
2291 1415 2449 1461 uerbis
2481 1416 2630 1470 πλῆθος

274 1484 318 1528 δὲ
365 1481 488 1542 ἄρχον
530 1489 663 1541 πρῶτα
709 1484 756 1540 μὲ
759 1501 777 1526 ν
817 1481 940 1540 ὄνομα
985 1484 1137 1526 πάντων
1183 1485 1388 1528 κάλλιστον
1434 1485 1536 1543 ἕχε,ι
1583 1484 1778 1542 isovogwiw
1825 1490 1942 1542 wptc
1986 1484 2223 1529 Maassius
2271 1483 2475 1530 contulit
2520 1483 2631 1530 Eur.

275 1554 399 1600 amled
445 1558 528 1601 125
565 1569 655 1612 sq.;
702 1569 811 1600 nam
854 1555 1181 1612 sophistarum
1224 1561 1323 1601 erat
1362 1557 1551 1601 initium
1595 1562 1846 1612 argument
1850 1555 2025 1599 ationis
2064 1568 2121 1599 ex
2163 1555 2440 1600 nominibus
2485 1554 2633 1599 facere

280 1625 355 1680 [es.
390 1625 502 1670 Eur.
537 1624 716 1670 Phoen.
750 1629 835 1671 499
866 1625 1008 1682 Hipp.
1044 1624 1101 1669 de
1132 1630 1227 1670 nat.
1261 1625 1387 1671 hom.
1423 1629 1450 1670 5
1480 1640 1523 1683 p.
1557 1625 1661 1680 4ΟΙ;
1708 1626 1805 1671 illis
1847 1624 1976 1670 enim
2013 1625 2259 1670 ueritatem
2289 1625 2444 1681 ipsam
2475 1625 2632 1669 inesse

274 1698 387 1752 post
432 1693 725 1740 Heraclitum
773 1699 819 1739 et
859 1693 1168 1750 Protagoram
1222 1696 1442 1741 omnibus
1495 1695 1726 1753 sophistis
1774 1699 1857 1741 aut
1901 1693 2052 1740 dicere
2095 1692 2272 1740 licebat
2318 1697 2402 1738 aut
2448 1705 2631 1749 negare.

274 1769 480 1809 ceterum
513 1770 742 1811 annotare
772 1778 870 1811 non
907 1766 1295 1822 praetermittam,
1336 1767 1425 1810 etsi
1456 1779 1552 1810 non
1585 1764 1724 1817 idem,
1756 1764 1912 1811 simile
1942 1769 2101 1809 tamen
2132 1764 2382 1810 nominum
2413 1766 2632 1808 naturam

275 1834 594 1890 cognoscendi
631 1834 845 1879 studium
871 1836 919 1879 in
952 1836 1071 1879 mira
1095 1834 1180 1879 illa
1207 1834 1264 1879 de
1288 1834 1538 1880 Persarum
1566 1836 1843 1882 nominibus
1868 1835 2072 1892 propriis
2100 1834 2396 1890 expositione
2431 1831 2493 1888 [1,
2526 1830 2629 1885 139]

273 1903 423 1960 prodi.
478 1918 599 1960 quae
630 1918 741 1948 uero
774 1908 939 1948 eontra
972 1906 1114 1949 unius
1147 1904 1519 1950 dominationem
1553 1905 1775 1950 dicuntur
1796 1903 1924 1962 apud
1945 1902 2262 1949 Hei-:odotum
2295 1900 2437 1957 νόμαιά
2468 1916 2510 1942 τε
2539 1901 2637 1943 κινεῖ

274 1972 417 2029 πάτρια
448 1971 514 2015 καὶ
545 1974 677 2028 βιᾶται
706 1973 887 2028 γυναῖκας
917 1971 1056 2015 κτείνει
1086 1989 1127 2014 τε
1159 1972 1334 2030 ἀκρίτους
1395 1988 1449 2019 ea
1492 1988 1634 2032 quam
1666 1975 2018 2021 accuratissime
2049 1972 2218 2030 repetit
2248 1969 2461 2026 Ἱὴθεθᾳδ
2491 1968 2632 2014 Euri-

273 2042 443 2102 pideuS
476 2042 666 2101 [Suppl
690 2047 775 2088 42⁶9
799 2042 914 2100 sq.]:
947 2041 1060 2086 ουῦὲν
1087 2060 1270 2100 τυταννου
1299 2047 1460 2100 ὃυσμενε
1450 2044 1527 2086 ἀτε
1530 2061 1594 2101 ρον
1621 2043 1744 2094 πόλει,
1766 2041 1862 2086 ὅπου
1893 2043 1935 2085 τὸ
1967 2041 2037 2099 μὲν
2058 2041 2266 2098 πρώτιστον
2285 2039 2352 2092 οὲ(
2369 2035 2482 2091 ἐἰσὶν
2512 2038 2632 2096 νόμοι,

271 2115 407 2169 κρατεῖ
435 2112 465 2155 δ’
491 2113 545 2161 εἷς
575 2114 640 2155 τὸν
671 2112 786 2168 νόμον
825 2128 972 2169 κεκτημ
953 2114 1057 2160 ε’ςνο
1089 2112 1205 2161 αὐτὸς
1245 2130 1322 2170 παρ
1372 2113 1444 2156 αὖ·
1432 2118 1490 2155 ὧι
1520 2147 1528 2155 .
1559 2146 1567 2155 .
1599 2147 1607 2155 .
1639 2147 1646 2155 .
1680 2112 1743 2156 mi.
1783 2114 1857 2170 μὴν
1889 2110 1985 2155 ὅπου
2017 2128 2061 2168 γε
2091 2114 2214 2168 δῆμος
2250 2118 2440 2168 etQ-estu:
2462 2107 2631 2169 χθονός,

274 2183 432 2225 ὑποῦσιν
463 2181 591 2230 ἀστοῖς
622 2180 759 2238 ἥδεται
789 2181 956 2230 νεανίαις
1018 2182 1116 2239 ἀνὴρ
1148 2182 1191 2224 δὲ
1228 2185 1342 2239 βασι)
1345 2184 1407 2231 εὐς
1445 2184 1588 2240 ἐχθρὸν
1625 2183 1692 2239 ἡψ,
1679 2186 1776 2225 εἷται
1815 2182 1905 2224 τόδε
1935 2215 1944 2224 .
1975 2215 1983 2224 .
2014 2215 2023 2224 .
2053 2181 2087 2224 τί
2119 2214 2128 2223 .
2158 2214 2168 2223 .
2206 2182 2457 2237 παρθὸνιόιιν
2487 2179 2630 2225 itai-02:

274 2254 314 2295 ἐν
363 2251 495 2308 δόμοις
543 2250 685 2303 καλόν,
741 2251 903 2309 τερπνᾶς
947 2251 1140 2309 τυράννοις
1187 2251 1327 2308 ἡδονὰς
1372 2250 1465 2295 ὅταν
1507 2257 1625 2309 τελῆι.
1708 2252 1837 2310 leges
1890 2258 1937 2298 et
1988 2253 2210 2298 instituta
2261 2246 2631 2299 Athleniensium

273 2321 529 2379 Euripides
585 2322 816 2374 defendit,
875 2324 1125 2380 imperium
1172 2323 1403 2381 populare
1450 2322 1588 2380 quale
1634 2324 1841 2369 Athenis
1888 2321 2078 2368 saec-ulo
2126 2323 2292 2379 quint-o
2339 2325 2462 2372 erat,
2503 2317 2633 2378 *apud

274 2391 572 2437 Herodotum
607 2393 666 2438 ab
691 2391 845 2437 Otane
876 2394 944 2437 ita
975 2391 1200 2437 describi:
1244 2395 1452 2448 πλῆθος..
1484 2391 1614 2434 πάλωι
1651 2392 1721 2448 μὲν
1752 2391 1879 2449 ἀρχὰς
1910 2388 2036 2449 ἄρχει,
2068 2389 2282 2433 ὑπεύθυνον
2313 2388 2356 2431 δὲ
2377 2389 2516 2446 ἀρχὴν
2547 2386 2633 2443 ἔχει

278 2462 354 2517 [cf.
389 2461 561 2506 Aesch.
594 2461 722 2506 Pers.
757 2461 881 2516 213]‚
922 2460 1171 2517 βουλεύματα
1212 2461 1255 2503 δὲ
1295 2461 1420 2504 πάντα
1452 2463 1491 2509 ἐς
1521 2462 1563 2503 τὸ
1603 2462 1729 2504 κοινὸν
1768 2461 1966 2518 ἀναφέρει,
2007 2460 2189 2506 dudum
2225 2463 2334 2505 ante
2372 2458 2633 2504 Maassium

274 2533 507 2577 constitit:
556 2529 818 2577 addiderim
856 2531 973 2577 haee
1006 2546 1215 2588 quoque:
1263 2531 1388 2587 δήμου
1419 2529 1603 2589 ἄρχοντος
1643 2530 1815 2575 ἀδύνατα
1854 2531 1908 2588 μὴ
1940 2529 1986 2574 οὐ
2016 2529 2213 2586 κακότητα
2243 2526 2480 2585 ἐγγίνεσθαι·
2518 2524 2635 2570 κακό-

272 2617 384 2656 τητος
415 2599 539 2642 τοίνυν
578 2600 822 2656 ἐγγινομένης
862 2600 989 2658 ἔχθεα
1031 2600 1100 2657 μὲν
1140 2600 1211 2644 οὐκ
1250 2600 1437 2658 ἐγγίνεται
1474 2603 1570 2644 τοῖσι
1605 2603 1768 2652 κακοῖσι,
1809 2599 1936 2659 φιλίαι
1965 2599 2009 2644 δὲ
2038 2597 2212 2658 ἰσχυραί·
2253 2598 2289 2642 οἱ
2325 2598 2398 2655 γὰρ
2428 2600 2634 2646 κακοῦντες

273 2671 320 2714 τὰ
354 2670 462 2713 κοινὰ
495 2669 756 2728 συγκόψαντες
794 2675 944 2714 ποιεῦσι
985 2675 1151 2719 contra
1191 2670 1358 2729 ἑταιρίας
1400 2673 1702 2730 optimatium
1736 2672 2005 2719 Atticorum
2037 2672 2214 2729 scripta
2244 2667 2407 2715 uideri.
2480 2681 2633 2727 neque

274 2743 448 2788 mirum
491 2742 644 2799 siquis
685 2739 876 2787 saeculo
918 2743 1085 2799 quinto
1124 2756 1281 2787 rerum
1318 2741 1615 2800 publicarum
1650 2742 1825 2788 formas
1864 2747 1909 2788 et
1939 2742 2120 2800 species
2159 2739 2483 2796 descripturus
2512 2740 2633 2790 erat,

274 2824 382 2857 eum
421 2811 794 2856 Atheniensium
836 2810 1180 2869 rempublicam
1221 2826 1306 2869 pro
1350 2810 1597 2869 popularis
1643 2814 1828 2869 imperii
1867 2810 2126 2869 exemplari
2168 2811 2348 2867 optimo
2391 2809 2632 2861 habuisse,

274 2894 430 2936 regem
462 2880 718 2924 Persarum
748 2895 834 2937 pro
868 2883 1048 2937 optimo
1083 2880 1426 2925 dominationis
1459 2880 1731 2934 singularis.
1804 2881 1888 2926 sed
1918 2882 2010 2926 hoc
2041 2895 2155 2925 sane
2194 2880 2367 2924 mirum
2399 2878 2634 2926 Graecum

274 2950 518 2996 hominem
562 2949 850 2995 Graecarum
890 2964 1047 2995 rerum
1090 2952 1297 3008 peritum
1338 2965 1441 2996 eam
1485 2952 1779 2996 occasionem
1820 2949 1933 2996 talis
1983 2947 2163 3005 dialogi
2209 2963 2267 2994 ex
2305 2947 2472 2995 multis
2513 2962 2633 3006 quae

273 3025 463 3079 praesto
496 3026 644 3072 erant,
676 3019 878 3076 elegisse
910 3035 1004 3078 qua
1046 3019 1365 3066 dominationi
1404 3019 1638 3075 singulari
1678 3020 1889 3077 palmam
1920 3019 2125 3066 tribuere
2161 3024 2444 3077 cogeretur.⁴
2479 3032 2634 3077 neque

274 3091 400 3136 enim
432 3093 555 3136 recte
587 3090 678 3136 uiri
709 3087 837 3136 docti
868 3089 998 3135 hunc
1030 3088 1277 3146 dialogum
1310 3090 1386 3136 uel
1418 3091 1468 3135 in
1507 3089 1795 3147 reipublicae
1826 3089 2198 3136 Atheniensium
2228 3087 2421 3136 laudem
2453 3087 2533 3136 uel
2564 3091 2632 3136 ita

274 3160 593 3218 compositum
642 3173 745 3205 esse
801 3158 1024 3205 dixerunt
1073 3162 1127 3204 ut
1171 3158 1308 3205 nulla
1357 3157 1646 3217 reipublicae
1693 3159 1844 3205 forma
1892 3160 2057 3205 ceteris
2107 3158 2442 3218 praeferretur,
2483 3160 2629 3206 immo

274 3229 495 3288 sophista
534 3234 581 3276 et
618 3231 922 3288 optimatium
964 3224 1010 3275 et
1038 3228 1209 3288 populi
1247 3230 1511 3287 potentiam
1552 3222 1704 3287 magis
1746 3230 2037 3288 uituperauit
2069 3243 2212 3289 quam
2242 3228 2475 3283 laudauit,
2514 3231 2632 3286 regii

275 3314 386 3346 uero
431 3301 616 3357 imperii
660 3298 829 3345 laudes
876 3302 1187 3346 inconcussas
1236 3304 1283 3344 et
1331 3298 1630 3345 indubitatas
1680 3298 1872 3356 reliquit
1922 3305 2063 3358 atque
2114 3315 2168 3347 eo
2217 3313 2498 3358 progressus
2547 3304 2632 3351 est,

275 3376 328 3414 ut
378 3383 607 3427 oxymoro
656 3384 764 3414 uere
806 3370 1070 3428 sophistico
1118 3371 1272 3427 ipsam
1318 3368 1585 3415 libertatem
1633 3371 1777 3414 unius
1825 3369 2148 3417 dominatione
2195 3374 2242 3415 et
2288 3369 2552 3426 recuperari
2589 3372 2635 3412 et
