2953 3847
282 210 338 259 16

283 358 539 412 postquam
587 352 780 399 edoctae
827 356 954 405 sunt,
1001 365 1142 411 opera
1186 356 1300 399 sunt
1345 350 1560 398 uisibilia
1604 356 1650 397 et
1695 365 1750 398 ea
1795 365 1916 410 quae
1960 352 2056 399 nisi
2099 350 2160 398 ad
2200 356 2348 399 artem
2395 348 2642 410 quandam

285 428 461 470 certam
523 427 570 468 et
618 424 862 481 propriam
915 421 1073 468 referri
1123 427 1387 481 nequeant3
1451 435 1534 480 per
1593 422 1709 468 haec
1766 423 1912 478 igitur
1969 435 2112 481 opera
2161 424 2294 481 ipsae
2344 426 2468 468 artes
2517 420 2648 466 uisui

285 494 555 540 subiacent-t
604 506 714 549 ergo
747 497 871 538 sunt.
941 494 1096 550 pergit
1133 494 1351 552 scriptor:
1396 489 1505 548 οἶμαι
1542 490 1586 533 δὲ
1623 489 1749 547 ἔγωγε
1785 488 1851 534 καὶ
1882 490 1928 534 τὰ
1971 489 2144 548 ὀνόματα
2186 490 2307 542 αὐτᾶς
2345 491 2411 535 διὰ
2448 489 2497 533 τὰ
2538 484 2647 531 εἴδεα

284 565 438 620 λαβεῖν·
479 560 621 618 ἄλογον
661 562 735 618 γὰρ
776 560 854 603 ἀπὸ
896 565 968 603 τῶν
1005 560 1204 618 ὀνομάτων
1245 562 1426 618 ἡγεῖσθαι
1471 561 1519 603 τα
1567 558 1675 603 εἴδεα
1717 561 1944 618 βλαστάνειν
1989 560 2055 604 καὶ
2100 560 2301 605 α’ὃύνατον.
2371 560 2648 608 rectissime,

284 649 396 680 nam
444 634 503 678 ab
555 634 622 677 eis
679 645 799 688 quae
852 645 934 688 per
980 646 1058 678 eas
1104 631 1243 684 fiunt,
1301 637 1423 677 artes
1470 645 1644 676 nomen
1692 633 1930 688 accipiunt
1975 631 2111 678 uelut
2156 631 2410 689 σκυτοτομική
2454 627 2647 683 alamur]

288 702 530 760 ζωιγραφική
561 700 814 758 κυβερνητική
844 702 1088 758 γεωμετρική
1118 702 1282 758 ἰητρική.
1351 705 1577 747 secuntur
1606 700 1753 746 uerba
1795 714 1823 745 a
1859 700 2067 747 librariis
2110 707 2355 760 corrupta:
2394 702 2442 745 τὰ
2474 700 2544 757 μὲν
2573 700 2648 755 γὰρ

284 772 458 828 ὀνόματα
502 769 804 828 νομοθετήματα
851 771 962 821 ἐστιν,
1007 771 1076 814 τὰ.
1102 771 1146 815 δὲ
1194 770 1301 816 εἴδεα
1347 769 1393 814 οὐ
1438 769 1593 827 φύσεως
1638 769 1951 827 νομοθετήματα,
1997 769 2100 814 ἀλλά
2146 770 2412 828 βλαστήματα.
2487 772 2646 828 inepte

285 842 437 888 editor
481 841 615 898 φύσιος
661 845 771 898 post
816 840 1070 896 βλαστήματα
1116 844 1416 900 transposuit
1472 842 1609 899 quasi
1667 839 1724 885 de
1771 841 2019 898 speciebus
2071 840 2391 890 naturalibus,
2443 854 2541 886 non
2589 839 2647 885 de

287 914 401 958 artis
448 914 551 957 siue
592 911 840 968 speciebus
884 911 987 956 siue
1025 913 1368 969 speciminibus
1417 924 1571 957 sermo
1617 914 1755 956 esset.
1827 912 2021 957 omnino
2064 910 2218 968 φύσεως
2258 912 2506 957 notionem
2553 924 2647 968 qua

285 975 431 1027 uoltis
478 982 659 1026 ratione
705 982 942 1033 inseratiS,
998 995 1183 1040 semper
1235 983 1520 1028 sententiam
1575 981 1832 1026 turbabitis
1885 993 2005 1038 quae
2050 980 2174 1029 nihil
2220 982 2460 1027 continere
2506 980 2647 1028 debet

286 1053 379 1097 nisi
422 1052 594 1095 artium
635 1052 899 1107 specimina
936 1065 1034 1096 non
1080 1052 1138 1098 ab
1179 1051 1455 1097 hominibus
1496 1051 1724 1095 constitui
1765 1054 1819 1094 ut
1849 1052 2058 1102 nomina,
2096 1049 2180 1096 sed
2218 1064 2276 1096 ex
2307 1052 2426 1108 ipsis
2461 1051 2644 1097 artibus

283 1123 428 1177 gigni.
505 1122 600 1165 iam
657 1134 769 1167 uero
835 1122 952 1166 mire
1006 1121 1177 1167 accidit
1232 1127 1286 1167 ut
1337 1120 1500 1167 eodem
1563 1118 1799 1166 uocabulo
1853 1119 2008 1175 φύσεως
2065 1119 2260 1167 alterius
2313 1135 2502 1178 quoque
2551 1119 2645 1167 loci

283 1191 521 1236 sententia
567 1192 855 1236 inconcinna
900 1195 946 1236 et
989 1191 1191 1237 obscura
1236 1190 1334 1244 fiat,
1381 1192 1484 1236 eius
1531 1188 1636 1236 dico
1685 1191 1765 1246 qui
1803 1187 1979 1251 legitur
2021 1204 2066 1247 p.
2100 1193 2170 1242 42,
2202 1193 2250 1235 5:
2288 1189 2341 1238 ,τὸ
2372 1189 2416 1233 δὲ
2441 1189 2567 1246 λόγων
2598 1188 2645 1233 οὐ

283 1262 409 1302 καλῶν
431 1259 566 1316 τέχνηι
591 1259 638 1301 τὰ
665 1261 742 1307 τοῖς
766 1256 899 1308 ἄλλοις
927 1258 1121 1316 εὑρημένα
1143 1260 1339 1316 αἰσχύνειν
1365 1260 1651 1316 προθυμεῖσθαι
1674 1291 1683 1299 .
1704 1290 1712 1299 .
1734 1290 1743 1299 .
1763 1243 2092 1314 wazelino:
2121 1260 2231 1301 δοκεῖ
2259 1258 2487 1315 ἐπιθύμημά
2517 1275 2560 1302 τε
2579 1258 2645 1302 καὶ

286 1328 396 1386 ἔργον
429 1327 538 1379 εἶναι,
570 1327 673 1371 ἀλλὰ
705 1327 1022 1384 κακαγγελὶη
1062 1332 1250 1386 μᾶλλον
1294 1328 1472 1386 φύσιος
1513 1325 1538 1384 ἤ
1578 1326 1811 1385 ἀτεχνίη·
1855 1328 1928 1384 μοι’
1983 1344 2034 1370 ισι
2064 1327 2134 1384 γὰρ
2163 1327 2214 1383 δὴ
2244 1329 2320 1376 τοῖς
2360 1327 2577 1386 ἀτέχνοισιν
2616 1327 2642 1384 ἡ

285 1397 446 1455 ἑργαοίη
493 1396 593 1453 αὕτη
638 1397 810 1455 ἁρμόζει.
880 1398 1026 1444 uerba
1072 1398 1158 1444 illa
1204 1413 1323 1456 quae
1369 1397 1475 1442 sola
1521 1396 1852 1443 difficultatem
1939 1398 2142 1450 racbent,
2188 1398 2247 1444 ab
2296 1397 2471 1444 editore
2516 1397 2643 1445 belle

284 1482 400 1513 sane
432 1473 477 1513 et
509 1467 646 1513 docte
677 1469 745 1513 ita
775 1472 1045 1513 uertuntur:
1084 1468 1172 1510 dies
1211 1468 1410 1510 erscheint
1440 1468 1522 1509 mir
1552 1500 1561 1509 .
1587 1500 1595 1508 .
1619 1500 1627 1509 .
1651 1500 1660 1509 .
1692 1465 1756 1517 als
1791 1471 1857 1511 ein
1951 1466 2178 1510 erkzeichcn
2206 1466 2321 1510 iibler
2350 1466 2644 1523 Naturanlaqe

284 1538 380 1580 oder
409 1537 475 1579 als
514 1537 726 1581 Unlmnde.
786 1539 969 1583 utinam
1002 1536 1268 1583 addidisset
1299 1551 1392 1596 qua
1423 1539 1605 1584 ratione
1646 1536 1779 1595 φύσιος
1808 1553 1858 1582 κα
1922 1534 2055 1593 Πελίη
2095 1548 2179 1594 pro
2210 1539 2331 1593 κακῆς
2361 1551 2459 1585 τινος
2489 1535 2644 1594 φύσεως

283 1607 490 1666 τεκμήριον
533 1611 649 1666 poni
696 1609 917 1666 potuerit.
979 1610 1132 1667 primo
1174 1606 1434 1665 κακαγγελίην
1482 1622 1567 1666 pro
1612 1605 1785 1664 λοιδορία
1831 1623 1854 1653 e
1893 1622 1944 1653 se
1983 1605 2265 1654 sumendum
2308 1605 2387 1653 uel
2429 1606 2642 1653 Galenus

285 1680 424 1724 nouit
455 1683 502 1722 et
533 1691 590 1722 ex
621 1680 726 1736 ipso
760 1692 940 1724 conexu
976 1681 1320 1724 sententiarum
1353 1683 1564 1736 apparet,
1604 1691 1711 1723 cum
1744 1680 1794 1722 in
1825 1662 1886 1734 eso
1917 1680 2069 1722 totum
2101 1682 2315 1722 uersetur
2343 1679 2640 1735 prooemium

286 1755 340 1793 ut
383 1747 645 1793 aduersarii
683 1763 780 1794 non
822 1751 1116 1804 argumentis
1156 1748 1441 1794 medicinam
1488 1747 1711 1799 refellere,
1758 1746 1841 1792 sed
1860 1740 2118 1792 ”conuiciis
2165 1761 2338 1793 nexare
2382 1747 2643 1804 probentur

292 1818 368 1873 [ef.
411 1832 456 1875 p.
490 1821 560 1870 42,
595 1822 614 1862 1
650 1817 909 1875 αἰσχροεπεῖν,
949 1822 976 1863 6
1008 1817 1204 1875 αἰσχύνειν
1234 1817 1505 1874 διαβάλλοντα,
1549 1821 1602 1862 15
1631 1818 1695 1859 διὰ
1726 1817 1813 1864 τοὺς
1853 1816 1983 1874 ψέγειν
1996 1816 2248 1872 “ἕθέλοντας].
2307 1821 2358 1862 at
2387 1819 2639 1863 conuiciari

285 1892 446 1945 potest
483 1888 525 1932 is
563 1901 750 1945 quoque
783 1889 864 1945 qui
896 1889 1010 1933 artis
1038 1889 1217 1945 peritus
1250 1893 1336 1939 est,
1374 1886 1610 1945 siquidem
1649 1885 1759 1933 dolo
1792 1885 1919 1931 malo
1963 1887 2076 1943 agit,
2119 1885 2202 1932 sed
2239 1900 2299 1931 ne
2328 1885 2420 1933 hoc
2451 1884 2640 1944 quidem

286 1961 341 2002 ut
380 1955 668 2002 aduersariis
708 1955 1006 2010 concedatur,
1051 1959 1263 2015 pergitur
1309 1957 1535 2013 μούνοισι
1580 1956 1655 2013 γὰρ
1700 1956 1749 2012 δὴ
1794 1957 1871 2003 τοῖς
1916 1954 2144 2013 ἀτέχνοισιν.
2204 1954 2265 2002 se'
2295 1957 2455 2014 ipsum
2497 1957 2643 2013 igitur

286 2027 486 2084 scriptor
517 2028 729 2083 corrigit;
772 2025 901 2084 quod
932 2031 986 2072 ut
1015 2025 1218 2084 planum
1250 2025 1347 2079 fiat,
1388 2027 1542 2072 scribo
1574 2023 1813 2082 κακαγγελίη
1844 2022 1934 2081 (ἢ)
1960 2027 2108 2081 μᾶλλον
2129 2057 2139 2067 ,
2159 2057 2169 2066 .
2189 2057 2199 2067 .
2230 2021 2284 2082 [ἦ]
2313 2023 2487 2084 ἀτεχνίη.
2547 2027 2640 2072 iani

287 2095 401 2153 quid
431 2094 551 2142 latet
580 2097 630 2141 in
661 2096 829 2152 φύσιοςῬ
891 2102 946 2141 ut
976 2095 1101 2142 idem
1132 2095 1392 2141 remedium
1425 2097 1673 2153 utriusque
1711 2095 1805 2141 loci
1836 2094 1987 2140 eidem
2019 2095 2315 2160 corruptelae
2376 2100 2380 2105 '
2445 2099 2450 2104 '
2494 2099 2641 2148 eatur,

284 2167 615 2223 proposuerim
645 2163 785 2222 κυρίως
816 2170 862 2211 et
892 2167 1160 2224 scripserim
1190 2180 1235 2223 p.
1269 2169 1339 2219 42,
1370 2171 1397 2210 9
1428 2164 1530 2207 ἀλλὰ
1561 2163 1800 2220 κακαγγελίη
1831 2161 1923 2219 (ἢ)
1949 2166 2096 2220 μᾶλλον
2136 2161 2284 2221 κυρὶωξ
2302 2167 2358 2225 [ἢ]
2384 2184 2412 2210 α
2464 2161 2555 2222 χνίη
2596 2168 2643 2209 et

284 2248 328 2293 p.
361 2237 432 2288 44,
471 2237 499 2281 6
542 2234 591 2277 τὰ
637 2233 707 2291 μὲν
746 2235 820 2292 γὰρ
865 2233 1039 2292 ὀνόματα
1083 2234 1385 2292 νομοθετήματα
1432 2235 1543 2285 ἐστιν,
1589 2234 1636 2277 τὰ
1675 2233 1718 2276 δὲ
1759 2231 1867 2276 εἴδεα
1910 2231 1956 2276 οὐ
1995 2231 2136 2291 κυρίως
2181 2236 2323 2290 νομοθε
2357 2235 2388 2295 '⁶
2407 2249 2492 2287 aru,
2539 2231 2641 2275 ἀλλὰ

284 2304 549 2361 βλαστήματα.
2339 2314 2355 2326 “’
2427 2304 2455 2337 'r
2516 2305 2533 2337 ‘x

491 2373 558 2421 Vt
602 2388 714 2420 uero
761 2374 822 2421 ad
867 2374 1158 2422 uocabulum
1206 2375 1305 2423 εἶδος
1352 2374 1561 2427 redeam,
1617 2388 1677 2420 an
1724 2388 1820 2420 non
1856 2388 1939 2433 per
1984 2363 2414 2433 argumentationis
2441 2378 2641 2445 *tanqum

285 2458 532 2496 conexum,
574 2444 657 2490 sed
698 2447 841 2490 etiam
878 2459 961 2503 per
1002 2460 1119 2490 usus
1164 2446 1550 2491 obseruationem
1582 2443 1868 2500 significatio
1915 2443 2001 2489 illa
2046 2458 2189 2503 quam
2229 2442 2384 2490 modo·
2414 2445 2642 2506 proposui

286 2513 509 2560 uocabuli
550 2512 651 2561 εἶδος
693 2518 817 2559 stare
857 2516 1026 2573 possit,
1068 2516 1316 2573 quaeretis.
1389 2515 1534 2560 huius
1573 2519 1694 2559 certe
1731 2513 1887 2560 libelli
1927 2518 2090 2559 auctor
2132 2514 2227 2559 sibi
2257 2521 2457 2562 constat.
2521 2527 2642 2572 quae

285 2597 328 2640 p.
364 2587 434 2635 46,
466 2587 493 2629 3
523 2583 771 2639 leguntur:
804 2584 846 2625 τὸ
878 2584 947 2639 μὲν
967 2584 1041 2641 γὰρ
1062 2587 1128 2640 τῆς
1159 2584 1281 2642 τύχης
1313 2584 1412 2631 εἶδος
1443 2584 1553 2641 ψιλὸν
1583 2583 1655 2626 οὐκ
1685 2583 1958 2639 ἐβουλήθησαν
1989 2583 2223 2639 θεήσασθαι,
2264 2585 2304 2626 ἐν
2342 2580 2390 2638 di
2416 2587 2479 2639 τῆι
2508 2584 2640 2640 τέχνηι

285 2651 499 2709 ἐπέτρεψαν
531 2644 652 2709 σφέας
683 2652 835 2703 αὐτούς,
865 2650 964 2696 ὥστε
1002 2658 1070 2709 τῆς
1108 2653 1178 2710 μὲν
1209 2654 1248 2701 ἐς
1279 2653 1346 2709 τὴν
1377 2652 1499 2711 τύχην
1529 2652 1730 2711 ἀναφορῆς
1770 2651 2063 2709 ἀπηλλαγμένοι
2094 2651 2178 2703 εἰσί,
2222 2656 2290 2700 τῆς
2329 2653 2456 2709 μέντοι
2494 2652 2534 2699 ἐς
2573 2651 2641 2707 τὴν

285 2721 425 2779 τέχνην
455 2720 526 2764 οὐκ
557 2720 861 2779 ἀπηλλαγμένοι,
902 2724 970 2768 ita
1000 2722 1228 2769 uertenda
1265 2728 1400 2769 sunt:
1444 2724 1596 2781 ipsius
1638 2724 1764 2768 enim
1805 2722 2021 2768 fortunae
2052 2736 2205 2782 neque
2236 2724 2324 2768 arti
2355 2722 2641 2768 commixtae

284 2791 556 2850 exemplum
590 2792 750 2838 uidere
781 2793 1040 2839 noluerunt
1071 2798 1155 2839 etc.
1188 2808 1232 2852 p.
1266 2797 1336 2847 48,
1371 2797 1424 2839 12
1454 2797 1517 2835 νῦν
1548 2792 1591 2835 δὲ
1622 2791 1821 2850 φαίνονται
1851 2796 1923 2835 τῶν
1952 2793 2091 2850 ἰητρῶν
2121 2792 2157 2834 οἱ
2186 2791 2354 2849 μάλιστα
2374 2790 2642 2848 ἐπαινεόμενοι

284 2859 349 2903 καὶ
390 2860 637 2917 ὃιαιτήμασιν
675 2861 830 2918 ἰώμενοι
867 2861 932 2904 καὶ
970 2860 1121 2905 ἄλλοισί
1158 2880 1203 2919 γε
1240 2861 1378 2905 εἴδεσιν
1418 2863 1654 2908 uocabulo
1701 2860 1786 2919 εἴδη
1825 2862 2034 2908 medelas
2074 2864 2101 2907 i.
2143 2876 2179 2906 e.
2225 2863 2486 2920 specimina
2527 2863 2641 2906 artis

284 2929 495 2976 medicae
526 2930 786 2987 significari
806 2937 985 2977 certum
1016 2937 1100 2978 est.
1162 2934 1391 2990 pergitur:
1425 2929 1521 2974 ὅπου
1552 2928 1619 2974 οὖν
1650 2931 1763 2974 οὐδὲν
1792 2928 1867 2974 οὔτ’
1903 2933 1943 2974 ἐν
1973 2933 2050 2979 τοῖς
2080 2930 2264 2987 ἀγαθοῖσι
2287 2930 2365 2973 ’τῶν
2393 2930 2532 2987 ἰητρῶν
2561 2927 2637 2973 οὔτ’

285 3000 325 3042 ἐν
362 3003 425 3055 τῆι
463 3000 631 3057 ἰητρικῆι
672 2999 787 3056 αὖτῆι
826 2999 992 3058 ἇχρῆιόν
1022 3002 1133 3051 ἐστιν,
1175 3000 1260 3044 ἀλλ’
1302 3002 1341 3043 ἐν
1370 3002 1468 3043 τοῖσι
1508 2999 1718 3043 πλείστοισι
1753 3004 1825 3042 τῶν
1861 3017 1903 3043 τε
1940 3001 2144 3059 φυομένων
2186 3000 2252 3044 καὶ
2291 3003 2363 3042 τῶν
2399 2999 2639 3056 ποιευμένων

283 3067 426 3111 ἔνεστιν
465 3069 514 3112 τά
555 3067 664 3112 εἴδεα
704 3068 790 3127 [τῶν
823 3071 1039 3128 θεραπειῶν
1069 3068 1135 3113 καὶ
1165 3073 1237 3113 τῶν
1268 3069 1519 3128 φαρμάκων],
1570 3069 1641 3113 οὐκ
1682 3068 1782 3113 ἔστιν
1813 3068 1939 3113 οὐδενὶ
1977 3074 2049 3113 τῶν
2079 3067 2172 3114 ἄνευ
2202 3070 2348 3128 ἰητροῦ
2377 3067 2641 3126 ὑγιαζομένων

283 3138 326 3180 τὸ
373 3137 591 3195 αὐτόματον
638 3139 891 3196 αἰτιήσασθαι
943 3138 1063 3197 ὄρθῶι
1117 3139 1248 3197 λόγωι.
1335 3143 1403 3186 ita
1454 3141 1655 3198 scriptor
1713 3146 2073 3197 argumentatur
2123 3146 2177 3187 ut
2225 3140 2380 3187 bonos
2431 3138 2640 3186 medicos

285 3210 534 3267 ipsamque
566 3216 714 3256 artem
746 3209 871 3257 nihil
901 3210 1026 3257 male
1058 3224 1193 3266 agere
1226 3209 1371 3263 dicat;
1415 3211 1566 3268 siquis
1599 3214 1758 3256 autem
1789 3212 1932 3258 etiam
1964 3213 2067 3257 sine
2097 3209 2280 3257 medico
2313 3207 2639 3255 ualetudinem

285 3281 585 3336 recuperarit,
616 3280 708 3327 hoc
740 3294 795 3325 ea
825 3279 882 3325 de
913 3294 1057 3326 causa
1099 3280 1277 3326 factum
1319 3295 1422 3325 csse
1465 3279 1593 3337 quod
1633 3279 1845 3326 medelae
1885 3281 1979 3327 fere
2011 3295 2175 3326 onmes
2206 3294 2290 3338 per
2319 3277 2525 3325 remedia
2558 3284 2640 3324 aut

284 3362 367 3405 per
408 3348 607 3396 uiuendi
646 3352 878 3396 rationem
920 3349 1056 3403 fiant,
1096 3364 1217 3408 quae
1257 3355 1312 3396 ut
1348 3355 1470 3396 recte
1511 3340 1829 3397 adhibeantur
1870 3364 1985 3397 casu
2032 3364 2222 3408 quoque
2254 3350 2443 3395 euenire
2471 3349 2640 3406 possit.

285 3419 437 3476 siquis
486 3424 644 3466 autem
690 3419 819 3466 hunc
874 3435 1016 3467 usum
1061 3421 1207 3468 huius
1254 3420 1499 3479 sophistae
1549 3420 1835 3479 peculiarem
1886 3436 1989 3467 esse
2040 3421 2295 3479 putauerit,
2345 3420 2395 3466 in
2440 3425 2640 3476 ‘grauem

285 3502 487 3541 errorem
519 3489 747 3536 inciderit.
810 3492 1131 3548 praetermitto
1163 3490 1419 3537 Aeschinis
1451 3490 1611 3537 locum
1655 3492 1717 3547 [1,
1753 3490 1881 3546 116];
1925 3490 1994 3534 δύο
2025 3490 2069 3532 δέ
2101 3507 2165 3546 μοι
2194 3493 2262 3546 τῆς
2291 3488 2523 3551 κατηγορίας
2555 3486 2640 3544 εἴδη
