2953 3847
2603 147 2631 188 5

280 278 363 326 ubi
394 278 516 328 falso
548 280 763 327 scribunt
793 276 881 330 αἴας
912 285 959 327 81
979 281 1142 339 inepta
1172 278 1230 326 de
1252 278 1549 327 oraculorum
1581 278 2017 328 consultationibus
2049 279 2350 328 hariolantur
2371 285 2417 327 et
2446 286 2627 328 ueteres

281 355 328 397 et
365 355 574 398 recentes
613 352 905 410 interpretes
936 349 1021 398 sed
1058 349 1182 397 nihil
1222 348 1355 396 aliud
1396 348 1517 397 dixit
1545 354 1690 409 poeta
1719 351 1814 396 nisi
1844 350 2137 398 Alcestidem
2169 365 2228 397 ne
2259 351 2319 398 ab
2352 363 2405 396 eo
2437 350 2629 409 quidem

283 422 462 467 seruari
482 434 626 479 posse
648 421 729 478 qui
760 419 821 465 ad
842 419 1014 466 ultima
1044 424 1091 466 et
1120 424 1330 466 extrema
1349 419 1630 478 procederet.
1693 424 1801 478 apte
1830 434 1941 466 uero
1970 420 2160 467 saeculo
2184 422 2351 479 quinto
2374 419 2628 479 Euripides

286 490 457 548 Lyciae
496 504 626 536 oram
663 504 749 548 pro
779 491 1104 547 nauigationis
1136 491 1336 536 termino
1373 492 1550 546 posuit,
1590 492 1815 547 quoniam
1852 494 1964 548 post
1995 489 2175 536 Calliae
2215 504 2380 549 pacem
2420 491 2628 537 nauibus

293 559 458 606 Atticis
489 558 616 605 ultra
644 559 874 606 Phaselin
905 558 983 604 uel
1013 558 1200 605 insulas
1233 556 1540 605 Chelidonias
1578 559 1692 604 uehi
1727 573 1824 605 non
1854 558 2039 605 licebat.
2101 564 2151 604 at
2180 573 2239 606 ne
2269 564 2405 606 sexto
2438 558 2628 617 quidem

282 629 472 675 saeculo
504 628 680 676 Milesii
711 629 1004 675 Phoenicum
1035 630 1250 685 regiones
1282 629 1500 681 intrasse,
1530 628 1612 674 sed
1643 630 1839 673 intimos
1871 630 2015 673 maris
2047 628 2179 674 illius
2208 628 2414 685 angulos
2446 631 2629 674 uitassc

281 697 502 746 uidentur
542 701 608 745 ita
645 705 700 746 ut
736 703 914 744 tractus
958 712 1064 744 orae
1105 711 1224 756 quae
1255 698 1314 743 ab
1347 697 1483 743 Ionia
1525 696 1585 741 ad
1627 696 1903 744 Colchidem
1944 703 1991 742 et
2019 697 2290 756 Bosporum
2321 698 2627 744 Cimmerium

224 814 226 817 ,
280 771 491 826 porrigit,
513 771 573 815 iis
593 769 746 815 multo
768 771 922 825 magis
943 773 1087 814 notus
1110 773 1156 812 et
1177 760 1453 825 exploratus
1474 767 1623 812 fuisse
1645 767 1909 812 censendus
1933 770 2007 812 sit.
2049 767 2127 813 uel
2148 767 2273 813 hanc
2290 769 2436 823 igitur
2452 769 2511 813 ob
2531 782 2629 813 rem

282 842 510 882 terrarum
540 837 660 883 duas
692 837 801 883 illas
832 842 990 894 partes
1022 851 1120 882 non
1149 851 1232 894 per
1261 849 1390 883 mare
1410 850 1652 892 magnum,
1674 836 1758 881 sed
1788 851 1871 894 per
1891 850 2018 881 mare
2038 837 2282 892 Aegaeum
2314 842 2362 882 et
2383 837 2628 882 Euxinum

283 904 606 952 distinxerunt
634 908 908 964 praesertim
940 920 1047 951 cum
1078 907 1421 961 nauigantibus
1452 908 1697 962 regionum
1730 919 1849 963 quae
1880 905 1940 950 ad
1971 905 2185 951 dextram
2217 911 2264 951 ct
2294 905 2355 950 ad
2385 908 2627 951 sinistram

283 973 452 1031 horum
484 976 686 1022 marium
718 977 835 1022 sitae
857 980 984 1024 sunt.
1005 980 1224 1021 naturam
1245 980 1292 1020 et
1322 973 1504 1021 caelum
1536 988 1682 1032 quam
1703 976 1908 1020 maxime
1939 976 2059 1020 inter
2090 989 2140 1020 88
2161 973 2347 1020 differre
2368 980 2625 1032 appareret.

282 1046 328 1090 in
374 1044 652 1091 Macedonia
701 1047 827 1091 enim
876 1050 923 1091 et
959 1044 1161 1090 Thracia
1199 1043 1447 1101 multoque
1494 1046 1648 1100 magis
1688 1042 1815 1101 apud
1854 1044 2061 1101 Scythas
2103 1044 2402 1101 Colchosque
2448 1043 2628 1090 hiemes

283 1113 491 1169 frigidas
523 1114 706 1162 caelum
737 1130 878 1173 saepe
901 1116 1153 1163 obscurum
1185 1119 1232 1159 et
1253 1113 1486 1165 nubilum,
1516 1112 1671 1160 multa
1702 1113 1797 1159 alia
1827 1127 2090 1169 cognouere
2123 1115 2182 1160 ab
2214 1114 2360 1159 Asiae
2392 1127 2474 1160 ora
2504 1113 2629 1160 felici

280 1198 471 1242 prorsus
502 1185 702 1231 diuersa.
766 1199 907 1243 quam
930 1184 1201 1231 felicitatem
1233 1199 1287 1231 eo
1318 1186 1470 1241 magis
1492 1183 1866 1230 animaduertere
1895 1189 2115 1242 poterant
2146 1198 2238 1242 quo
2269 1183 2330 1230 ad
2351 1184 2628 1243 Aegyptum

284 1255 580 1313 Libyamque
626 1257 751 1301 uecti
797 1257 938 1302 etiam
984 1254 1154 1301 caloris
1211 1256 1347 1299 nimii
1393 1253 1565 1299 damna
1610 1253 1746 1299 facile
1787 1253 2028 1300 uidebant.
2100 1256 2194 1299 iam
2235 1253 2349 1311 quid
2388 1255 2561 1299 mirum
2602 1269 2629 1298 8

281 1325 494 1382 physicis
535 1324 654 1370 duas
686 1330 915 1371 terrarum
954 1330 1111 1383 partes
1153 1337 1231 1368 888
1271 1338 1372 1369 8888
1412 1326 1696 1370 constitut-as
1739 1338 1857 1382 quas
1895 1337 2040 1381 supra
2072 1323 2185 1374 dixi,
2227 1325 2423 1370 alteram
2462 1338 2627 1368 versus

286 1394 573 1440 occidentem
605 1400 650 1439 81
681 1397 1057 1453 septentrionem
1076 1396 1404 1453 porrigentem,
1436 1393 1632 1439 alteram
1663 1408 1830 1438 uersus
1859 1396 2085 1438 orientem
2106 1393 2471 1451 meridiemque?
2502 1393 2627 1444 huic,

282 1465 330 1506 in
362 1466 498 1508 cuius
529 1466 739 1519 margine
770 1466 858 1509 sub
895 1464 991 1509 cael
1007 1455 1013 1465 ”
1069 1466 1242 1521 optime
1272 1469 1527 1520 temperato
1569 1466 1678 1520 ipsa
1713 1463 1851 1508 Ionia
1889 1466 1982 1506 sita
2020 1469 2119 1506 erat
2162 1463 2237 1518 [cf.
2270 1463 2412 1520 Hipp.
2446 1462 2504 1506 de
2537 1477 2625 1506 aer.

252 1546 349 1589 aq.
393 1532 481 1578 loc.
516 1536 569 1577 12
600 1547 643 1590 p.
677 1533 811 1577 5411.
864 1479 1123 1596 HerodKl.
1173 1532 1275 1586 142]
1326 1547 1496 1578 nomen
1542 1532 1721 1579 dabant
1765 1534 1913 1579 Asiae
1959 1547 2016 1578 ex
2061 1532 2217 1590 Lydia
2262 1532 2425 1578 Ioniae
2470 1535 2627 1578 uicina

280 1603 479 1658 petitum
517 1627 570 1632 —
613 1601 860 1648 conferatis
915 1602 1096 1666 triburin
1138 1600 1295 1644 Ἀσιάδα
1351 1602 1481 1647 1111118
1528 1601 1749 1648 Sardium
1799 1601 1927 1658 [Her.
1967 1607 2008 1655 4,
2049 1602 2126 1658 45]
2169 1627 2238 1655 —,
2285 1601 2420 1647 illam
2466 1603 2626 1660 aptius

280 1670 518 1728 appellare
551 1686 648 1717 non
680 1686 821 1729 posse
842 1672 934 1716 sibi
963 1670 1251 1717 uidebantur
1282 1685 1423 1729 quam
1443 1670 1663 1729 Europae
1685 1673 1877 1716 nomine
1898 1674 2095 1729 antiquo
2118 1677 2164 1717 et
2185 1671 2365 1723 diuino,
2397 1670 2480 1716 sed
2512 1670 2626 1718 olim

280 1742 413 1785 terris
458 1740 813 1786 accommodato
852 1739 1320 1797 septentrionalibus,
1365 1739 1562 1796 frigidis,
1609 1755 1636 1785 8
1683 1739 1799 1786 80118
1846 1740 2055 1797 caelique
2089 1740 2372 1787 laetitudine
2417 1742 2623 1786 remotis.

282 1823 401 1866 quae
447 1807 719 1856 distributio
767 1814 997 1867 quantum
1046 1807 1173 1867 apud
1203 1807 1341 1854 Iones
1383 1807 1588 1854 ualuerit
1628 1814 1682 1854 ut
1723 1807 1846 1855 clare
1888 1808 2195 1866 intellegatiS,
2242 1808 2626 1855 dissertationem

279 1878 449 1936 legatis
481 1878 560 1925 uel
580 1882 741 1938 potius
765 1878 1112 1926 dissertationis
1134 1877 1302 1925 rudera
1334 1903 1388 1910 —
1420 1877 1552 1926 foede
1575 1881 1700 1925 enim
1721 1878 1907 1926 lacunis
1939 1879 2162 1926 mutilata
2193 1885 2264 1926 est
2295 1905 2349 1911 —-
2381 1881 2625 1938 scriptoris

281 1949 410 1996 illius
442 1950 679 2007 ingeniosi
710 1955 756 1995 81
786 1964 895 1995 11818
934 1949 1084 1995 1011181
1114 1950 1249 1994 0111118
1279 1947 1391 1995 libri
1420 1947 1506 2006 περὶ
1535 1947 1663 2006 ἀέρων
1694 1947 1843 1992 ὑδάτων
1873 1948 2001 1992 τόπων
2042 1964 2151 2009 pars
2184 1949 2333 1995 altera
2362 1951 2428 1996 ita
2458 1951 2627 2009 incipit

285 2021 362 2075 [12
392 2033 436 2077 p.
469 2019 570 2074 52J:
612 2018 802 2076 βούλομαι
832 2019 875 2061 δὲ
906 2017 992 2076 περὶ
1023 2023 1090 2074 τῆς
1122 2017 1250 2074 Ἀσίης
1281 2018 1346 2060 καὶ
1376 2023 1442 2075 τῆς
1474 2017 1660 2076 Εὐρώπης
1698 2019 1803 2067 δέξαι
1840 2019 1977 2062 ὁκόσον
2014 2020 2260 2077 διαφέρουσιν
2290 2018 2474 2075 ἀλλήλων
2510 2021 2550 2067 ἐς
2578 2021 2625 2062 τὰ

276 2088 401 2132 πάντα
454 2087 521 2131 καὶ
566 2087 653 2146 περὶ
705 2092 777 2131 τῶν
822 2089 968 2132 ἐθνέων
1012 2092 1079 2145 τῆς
1132 2092 1281 2146 μορφῆς
1327 2085 1384 2130 ὅτι
1429 2089 1654 2132 διαλλάσσει
1698 2087 1762 2131 καὶ
1815 2089 1935 2146 μηδὲν
1980 2089 2104 2132 ἔοικεν
2149 2088 2388 2145 ἀλλήληισιν.
2455 2089 2625 2135 Ionum

275 2162 526 2205 inuentum
567 2161 864 2218 uituperatur
904 2160 962 2204 ab
994 2157 1235 2204 Herodoto
1273 2164 1498 2217 perpetuo
1529 2159 1700 2206 Ionum
1733 2160 2055 2212 obtrectatore,
2087 2175 2195 2205 cum
2226 2161 2390 2206 scribit
2425 2160 2487 2215 [4‚
2518 2159 2623 2213 361:

274 2231 377 2284 γελῶ
401 2227 445 2271 δὲ
474 2228 570 2285 ὁρῶν
600 2232 669 2285 γῆς
699 2228 899 2286 περιόδους
930 2226 1151 2284 γράψαντας
1176 2227 1342 2275 πολλοὺς
1372 2224 1448 2283 ἤδη
1478 2226 1543 2270 καὶ
1564 2226 1705 2269 οὐδένα
1731 2227 1816 2270 νόον
1847 2228 2015 2285 ἐχόντως
2047 2228 2350 2284 ἐξηγησάμενον,
2381 2228 2420 2270 οἳ
2435 2227 2624 2271 Ὠκεανόν

276 2313 317 2339 τε
346 2297 483 2355 ῥέοντα
512 2297 702 2355 γράφουσι
722 2298 827 2355 πέριξ
857 2298 925 2354 τὴν
945 2303 1015 2355 γῆν
1037 2300 1175 2341 ἐοῦσαν
1196 2297 1429 2354 κυκλοτερέα
1450 2296 1500 2344 ὡς
1530 2296 1609 2339 ἀπὸ
1632 2296 1765 2354 τόρνου
1788 2296 1851 2338 καὶ
1882 2297 1950 2352 τήν
1967 2296 2097 2340 Ἀσίαν
2127 2301 2191 2353 τῆι
2211 2297 2396 2353 Εὐρώπηι
2416 2297 2624 2339 ποιεόντων

280 2369 574 2426 [corruptum
605 2368 696 2413 hoc
726 2383 879 2426 neque
911 2372 1008 2415 scio
1041 2367 1278 2427 quomodo
1311 2367 1577 2422 emendem]
1611 2365 1709 2422 ἴσην.
1753 2370 1893 2412 8118111
1926 2367 2054 2413 111118
2084 2368 2223 2413 Ιο1188
2255 2370 2469 2426 patuisse
2500 2368 2621 2413 118118

277 2440 550 2496 opinionem
588 2452 645 2482 ex
685 2437 784 2483 illis
824 2438 944 2484 10018
989 2444 1183 2498 apparet
1223 2452 1342 2496 quos
1374 2438 1546 2493 Berger
1586 2440 1636 2482 in
1672 2438 1795 2483 libro
1830 2440 2008 2495 optimo
2045 2437 2239 2493 [Gesch.
2273 2435 2315 2482 d.
2348 2438 2618 2483 wissensch.

276 2507 537 2552 Erdkunde
583 2506 663 2551 der
702 2507 935 2552 Griechen
965 2509 988 2553 I
1032 2523 1075 2566 p.
1109 2508 1186 2562 52]
1236 2507 1440 2562 collegit.
1512 2513 1678 2563 poetae
1724 2509 1850 2552 enim
1896 2510 2063 2564 tragici
2109 2512 2155 2552 et
2192 2507 2347 2559 Plato,
2394 2510 2619 2552 orationis

273 2579 478 2633 tragicae
517 2577 734 2634 frequens
767 2579 993 2628 imitator,
1031 2592 1170 2634 saepe
1209 2577 1428 2633 Europae
1460 2577 1697 2633 Asiaeque
1737 2578 1934 2621 nomina
1964 2582 2334 2633 composuerunt
2365 2579 2501 2633 quasi
2532 2577 2619 2621 hae

275 2645 397 2690 duae
436 2650 593 2703 partes
634 2650 789 2691 totum
831 2647 989 2691 orbem
1031 2652 1259 2690 terrarum
1296 2647 1654 2690 constituerent:
1696 2644 1841 2702 Soph.
1885 2645 2049 2690 Trach.
2084 2650 2166 2690 100
2215 2643 2345 2688 Ἅλιον
2382 2646 2476 2687 αἰτῶ
2508 2648 2616 2687 τοῦτο

273 2718 434 2771 καρῦξαι
463 2715 527 2757 τὸν
543 2714 758 2771 Ἀλκμήνας
781 2715 875 2758 πόθι
906 2733 999 2771 μοι.
1021 2749 1029 2757 .
1059 2714 1159 2757 ναίει
1189 2714 1277 2757 ποτ’
1303 2748 1312 2756 .
1334 2748 1342 2757 .
1364 2713 1419 2770 ,ἤ
1450 2713 1604 2762 ποντίας
1636 2713 1809 2762 αὐλῶνας
1838 2712 1863 2769 ἢ
1896 2717 2082 2757 δισσαῖσιν
2113 2714 2285 2770 ἀπείροις
2315 2714 2472 2762 κλιθείς.
2504 2715 2612 2760 Eur.

274 2785 371 2832 Ion.
408 2788 519 2831 1356
549 2788 676 2828 πᾶσαν
707 2784 742 2827 δ’
777 2785 950 2828 ἐπελθὼν
966 2783 1094 2829 Ἀσίαν
1115 2783 1305 2842 Εὐρώπης
1337 2783 1375 2827 θ’
1410 2781 1531 2841 ὅρους.
1578 2783 1681 2831 Tro.
1714 2788 1797 2832 927
1820 2783 1933 2842 (Ἥρα
1966 2783 2009 2827 θ’
2045 2783 2222 2843 ὑπέσχετ’
2253 2782 2393 2828 Ἀσιάδ’
2429 2782 2615 2840 Εὐρώπης

275 2852 309 2896 θ’
342 2852 454 2911 ὅρους
483 2853 665 2912 τυραννίδ’
700 2855 796 2903 ἕξειν
825 2853 864 2898 εἴ
891 2871 964 2912 σφε
993 2853 1153 2912 κρίνειεν
1185 2854 1315 2911 Πάρις.
1355 2854 1476 2900 Plat.
1515 2853 1631 2900 Tim.
1672 2869 1716 2913 p.
1750 2858 1833 2900 24e
1874 2855 1978 2910 λέγει
2008 2855 2081 2911 γὰρ
2112 2855 2157 2897 τὰ
2190 2854 2433 2911 γεγραμμένα
2463 2851 2556 2909 ὅσην
2586 2853 2613 2908 ἡ

271 2922 380 2971 πόλις
421 2922 522 2980 ὑμῶν
569 2921 715 2967 ἔπαυσέ
754 2941 848 2967 ποτε
885 2924 1054 2981 δύναμιν,
1102 2922 1208 2981 ὕβρει
1255 2924 1514 2981 πορευομένην
1555 2921 1639 2980 ἅμα
1684 2923 1747 2967 ἐπὶ
1795 2928 1923 2967 πᾶσαν
1966 2923 2154 2981 Εὐρώπην
2197 2922 2261 2966 καὶ
2296 2922 2423 2966 Ἀσίαν
2471 2922 2614 2971 ἔξωθεν

272 2990 509 3048 ὁρμηθεῖσαν
549 2993 594 3034 ἐκ
633 2996 701 3035 τοῦ
727 2992 972 3037 Ἄτλανῗῑκοῧ
1011 2994 1213 3050 πελάγους.
1280 2993 1388 3040 Cl'it.
1434 3009 1477 3051 p.
1523 2997 1646 3039 1126
1690 2991 1795 3037 οὗτοι
1817 3027 1824 3036 .
1846 3027 1854 3036 .
1877 3027 1885 3036 .
1917 2993 1979 3036 ἐπὶ
2016 2998 2143 3036 πᾶσαν
2176 2992 2362 3049 Εὐρώπην
2392 2990 2457 3034 καὶ
2486 2991 2614 3035 Ἀσίαν

271 3060 371 3103 κατά
410 3077 452 3103 τε
491 3061 683 3116 σωμάτων
720 3063 848 3119 κάλλη
884 3063 948 3106 καὶ
988 3065 1086 3106 κατὰ
1118 3065 1186 3119 τὴν
1222 3067 1292 3105 τῶν
1322 3068 1454 3121 ψυχῶν
1491 3063 1673 3106 παντοίαν
1704 3064 1844 3120 ἀρετὴν
1875 3063 2071 3119 ἐλλόγιμοί
2108 3079 2150 3104 τε
2179 3059 2277 3117 ἦσαν
2308 3060 2373 3103 καὶ
2403 3060 2612 3116 ὀνομαστό-

271 3145 377 3172 τατοι
407 3129 560 3173 πάντων
589 3134 659 3174 τῶν
688 3131 785 3175 τότε.
846 3133 1029 3186 dcinde,
1061 3133 1189 3191 quod
1219 3132 1321 3179 fieri
1341 3133 1463 3179 solet
1492 3139 1545 3178 ut
1566 3147 1688 3191 quae
1710 3135 1800 3179 uiri
1832 3133 1957 3179 docti
1984 3135 2067 3178 uni
2088 3136 2283 3176 naturae
2314 3136 2358 3175 et
2388 3132 2611 3175 scientiae

272 3199 430 3245 studio
478 3200 627 3247 dediti
675 3205 1016 3258 excogitarunt,
1063 3218 1118 3249 ea
1166 3203 1312 3248 latius
1353 3208 1617 3260 propagata
1663 3203 1724 3249 ad
1775 3203 2061 3260 populorum
2102 3203 2444 3257 ciuitatumque
2492 3213 2606 3244 con-

270 3270 525 3314 trouersias
550 3271 907 3325 transferantur,
937 3273 1049 3317 huic
1080 3286 1269 3328 quoque
1290 3271 1529 3316 doctrinae
1551 3271 1730 3316 accidit.
1793 3287 1900 3316 cum
1931 3273 2055 3315 enim
2086 3285 2143 3314 ex
2175 3268 2406 3314 seditione
2438 3268 2608 3313 Ionum

270 3335 387 3384 belli
429 3351 513 3397 per
553 3337 648 3386 duo
696 3339 789 3387 fere
830 3340 1020 3388 saecula
1059 3342 1275 3400 perpetui
1315 3340 1565 3386 Persarum
1608 3340 1985 3398 Graecorumque
2024 3340 2214 3385 initium
2255 3337 2433 3383 factum
2474 3345 2614 3391 esset,

269 3408 422 3466 primo
455 3421 482 3453 a
514 3409 731 3467 sophista
763 3409 970 3468 quodam
999 3411 1160 3457 Ionico
1193 3410 1279 3456 illa
1309 3409 1521 3457 doctrina
1551 3410 1742 3469 publice
1772 3411 2015 3468 proposita
2045 3414 2130 3461 est,
2161 3409 2329 3454 Asiam
2345 3407 2611 3453 Persarum.
