2953 3847
2592 140 2647 184 13

298 281 478 329 seruari
521 292 664 338 posse
715 277 1019 324 contenderet
1067 282 1115 323 et
1164 279 1333 336 patriis
1390 277 1577 334 legibus
1639 278 1889 322 ciuitatum
1952 277 2207 323 liberarum
2268 279 2471 334 patriam
2522 280 2645 334 regis

298 352 554 396 Persarum
582 351 868 406 potestatem
900 351 1180 405 opponeret:
1241 346 1358 389 κόθεν
1388 346 1478 402 ἡμῖν
1508 345 1534 401 ἡ
1565 345 1770 402 ἐλευθερίη
1811 347 1961 401 ἐγένετο
1993 346 2058 388 καὶ
2088 350 2156 389 τεῦ
2186 347 2336 398 &dieto-33
2366 346 2506 402 κότερα
2538 348 2642 403 παρὰ

297 418 423 475 δήμου
452 415 480 473 ἦ
509 416 736 475 ὀλιγαρχίης
766 414 792 472 ἦ
823 415 1063 474 μουνάρχους
1099 417 1183 475 ἔχω
1219 415 1341 459 τοίνυν
1370 416 1522 472 γνώμην
1552 415 1676 472 ἡμέας
1707 417 2043 472 ἐλευθερωθέντας
2074 417 2138 459 διὰ
2171 417 2239 458 ἕνα
2270 414 2390 472 ἄνδρα
2421 417 2463 459 τὸ
2495 421 2644 460 τοιοῦτο

297 486 557 545 περιστέλλειν
597 485 718 545 χωρίς
756 503 799 529 τε
837 485 973 530 τούτου
1011 485 1192 544 πατρίους
1228 486 1368 542 νόμους
1406 486 1460 542 μὴ
1500 485 1605 533 λύειν
1635 484 1793 544 ἔχοντας
1825 482 1886 530 εὖ·
1917 486 1962 530 οὗ
1999 487 2072 543 γὰρ
2108 483 2275 542 ἄμεινον.
2348 492 2553 533 cetorum
2586 502 2643 532 ne

298 559 413 605 haec
445 556 635 616 quidem
666 558 873 603 narratio
906 557 1010 602 sinc
1041 560 1260 602 accurata
1289 570 1444 602 rerum
1462 556 1757 603 Persicarum
1795 558 1966 602 notitia
2003 559 2267 615 composita
2298 561 2385 605 est.
2416 559 2641 615 quoniam

298 629 619 684 interregnum
649 625 772 673 illud
803 628 1013 684 quinque
1044 625 1226 673 dierum
1265 625 1393 684 quod
1425 625 1595 673 Persae
1626 630 1739 684 post
1769 627 1891 682 regis
1928 632 2127 673 mortem
2168 626 2371 673 indicere
2410 627 2644 674 solebant.

302 698 451 755 [Sext.
475 697 611 755 Emp.
644 695 751 742 adu.
774 696 920 743 math.
947 700 988 750 3,
1009 699 1064 743 33
1096 695 1227 743 Stob.
1250 696 1350 743 flor.
1374 699 1444 748 44,
1466 699 1518 740 41
1552 695 1727 740 Maass.
1757 694 1786 740 1.
1811 710 1846 740 c.
1870 710 1913 753 p.
1936 697 2042 751 5831
2078 703 2482 744 commemoratur.
2549 699 2641 742 iam

297 773 353 814 ut
391 781 513 825 quae
553 768 749 812 inuenta
789 770 903 812 sunt
947 765 1152 821 singula,
1200 767 1361 812 omnia
1397 768 1447 811 in
1484 780 1633 812 unum
1669 765 1969 821 colligantur,
2012 768 2070 812 ab
2112 766 2353 813 Herodoto
2395 766 2549 812 multa
2581 767 2638 812 de

297 837 456 883 Persis
502 838 570 883 ita
616 839 807 881 narrata
855 849 957 881 esse
1005 837 1228 894 apparuit
1270 840 1325 880 ut
1372 837 1611 882 rationum
1659 835 2025 892 sophisticarum
2071 838 2273 891 uestigia
2313 842 2438 882 certa
2483 836 2640 881 adsint

297 913 344 954 et
374 921 429 954 ea
459 905 650 965 quidem
692 919 811 963 quac
850 905 909 951 ad
947 904 1242 951 Herodotum
1280 907 1439 963 ipsum
1480 906 1636 952 referri
1673 919 1769 951 non
1808 908 2009 962 possint,
2050 907 2315 962 sophistam
2360 920 2470 950 uero
2504 906 2641 951 illum

298 978 376 1025 uel
408 977 651 1035 sophistas
683 975 794 1022 illos
827 981 873 1021 et
903 977 1134 1021 sermonis
1170 989 1419 1033 rerumque
1450 976 1744 1021 Pei-sicarum
1777 977 1893 1019 satis
1937 978 2112 1032 peritos
2145 976 2304 1025 fuisse,
2337 978 2640 1032 quamobrem

296 1046 567 1092 Herodotus
613 1051 795 1091 tantam
839 1045 983 1090 fidem
1028 1045 1126 1089 illis
1179 1047 1532 1090 narrationibus
1587 1047 1775 1095 tribuit,
1831 1050 1877 1088 et
1924 1046 2080 1088 Persis
2125 1051 2289 1089 eontra
2336 1046 2541 1090 Graecos
2599 1054 2640 1088 et

296 1118 547 1174 praecipue
577 1115 896 1160 Athenienses
928 1114 1116 1159 fauisse.
1179 1116 1273 1159 iam
1315 1116 1458 1169 igitur
1490 1116 1681 1160 umbrae
1723 1113 1933 1158 cuadunt
1972 1115 2142 1158 Ionum
2183 1113 2372 1158 illorum
2411 1116 2492 1169 qui
2534 1114 2640 1158 odio

297 1190 461 1232 contra
490 1184 858 1231 Atheniensium
899 1179 1276 1246 dcaepiiriationem
1322 1185 1665 1241 imperiumque
1710 1183 1857 1240 popul
1865 1198 1940 1228 uc
1987 1185 2181 1233 incensi
2228 1185 2351 1228 sicut
2398 1182 2636 1229 Timor-ito

296 1254 532 1307 Rhodius,
570 1268 597 1298 a
628 1253 875 1298 Persarum
904 1252 1129 1330 partibus
1160 1258 1390 1298 steterunt
1428 1258 1475 1297 et
1514 1258 1565 1298 ut
1602 1252 1804 1308 gloriam
1847 1252 2132 1298 G1·ae‹··olum
2178 1252 2639 1308 Atheniensiumque

298 1326 617 1372 obscurarent
664 1322 909 1368 Persarum
954 1306 1182 1369 instituta
1225 1336 1379 1368 mores
1426 1324 1811 1379 superstitionem
1867 1323 2129 1379 sophistica
2181 1330 2277 1366 ··11te
2324 1320 2637 1367 laudauerunt

299 1399 440 1453 atquc
480 1396 547 1440 ita
586 1392 774 1451 quidem
811 1396 864 1438 ut
905 1394 1006 1439 siue
1057 1391 1214 1441 fraude
1259 1395 1361 1438 siue
1401 1391 1581 1450 (10(οῃῐί
1628 1395 1841 1450 ipsoium
1892 1393 1957 1437 l'e
1933 1406 2143 1438 ersarum
2191 1393 2515 1438 testimonium
2558 1389 2640 1435 ad-

297 1465 529 1514 hiberent,
560 1465 683 1509 sicut
709 1462 821 1509 olim
841 1462 1016 1508 Hecata
1060 1479 1112 1510 us
1135 1462 1396 1509 sacerdotes
1423 1463 1681 1520 Aegvptios
1713 1473 1907 1507 suarum
1940 1465 2091 1520 ipsius
2125 1465 2406 1520 opinionum
2429 1466 2642 1505 auctores

296 1533 558 1592 protulerat
591 1533 667 1588 [cf
701 1531 844 1576 Diels.
876 1531 1028 1576 Herm.
1072 1537 1128 1578 2⁶.
1156 1547 1200 1590 p.
1234 1536 1319 1577 433
1350 1532 1457 1589 sq..]
1520 1535 1715 1577 nomina
1757 1547 1867 1576 uero
1910 1532 2099 1577 illorum
2140 1533 2389 1577 hominum
2422 1533 2463 1575 si
2495 1545 2636 1587 quae-

297 1605 415 1656 ritis,
456 1602 698 1648 obliuione
739 1602 908 1647 obruta
946 1590 1107 1647 iacenxt
1152 1615 1427 1659 semperque
1473 1603 1712 1648 iacebunt:
1775 1617 1926 1659 neque
1967 1605 2093 1647 enim
2134 1605 2174 1647 is
2207 1617 2313 1646 sum
2355 1603 2436 1658 qui
2467 1615 2642 1645 morem

297 1686 423 1719 nunc
456 1671 745 1719 sollemnem
768 1676 955 1715 secutus
985 1673 1186 1717 nomina
1215 1685 1312 1718 non
1343 1671 1515 1716 tradita
1546 1671 1674 1717 facili
1706 1686 1846 1729 opera
1882 1687 1964 1729 per
1995 1687 2170 1718 meram
2203 1671 2547 1722 diuinationem
2580 1684 2635 1714 ex

299 1742 598 1788 saeculorum
631 1741 873 1787 obliuione
904 1754 1077 1786 eruam.

503 1811 584 1857 111.
640 1809 797 1856 Huius
843 1813 987 1857 moris
1039 1812 1279 1867 egregium
1325 1813 1563 1868 specimen
1610 1816 1679 1855 est
1727 1812 1882 1867 ἕρμαιον
1930 1810 2051 1856 illud
2105 1810 2161 1855 de
2212 1810 2471 1866 Protagora
2516 1809 2642 1866 quod

297 1896 448 1939 nuper
489 1881 712 1927 omnibus
756 1879 983 1937 ampullis
1030 1880 1194 1925 effusis
1234 1880 1577 1938 proclamatum
1619 1887 1690 1926 est
1740 1881 2084 1937 l-Sitzungsber.
2129 1880 2170 1925 d.
2218 1879 2369 1925 Wien.
2404 1879 2558 1925 Akad.
2594 1879 2635 1925 d.

297 1950 440 1996 Wiss.
476 1949 596 2005 1201.
658 1964 730 1994 res
762 1951 867 2007 ipsa
898 1952 965 1995 ita
995 1965 1045 1995 se
1076 1950 1233 1995 habet.
1296 1950 1386 1995 sub
1417 1950 1561 1995 finem
1592 1952 1768 1997 saeculi
1800 1953 1953 2008 quinti
1984 1950 2058 1995 uel
2093 1952 2229 1995 initio
2254 1949 2431 1994 siet-uli
2462 1952 2631 2006 quarti

297 2025 419 2066 certe
515 2025 558 2065 st
590 2018 875 2083 Herodicum
907 2017 1292 2076 Selymbrianum
1323 2022 1482 2065 extitit
1512 2021 1729 2078 sophistt
1760 2020 1952 2078 quidam
1993 2022 2067 2064 (ui
2109 2034 2206 2063 non
2248 2019 2509 2064 artificibus
2556 2033 2636 2076 pei

297 2092 474 2148 captat-i
508 2114 605 2146 „02-
634 2087 907 2135 dialecticas
954 2089 1096 2135 solito
1143 2103 1271 2135 more
1316 2089 1515 2135 illudere
1555 2090 1771 2148 placeret
1811 2089 1893 2135 sed
1934 2087 2179 2135 detondere
2217 2094 2363 2134 artem
2405 2088 2634 2134 medicam

298 2162 420 2206 inter
436 2162 526 2221 ips
603 2157 820 2206 medicos
853 2173 880 2203 a
912 2158 1043 2215 uolgi
1083 2161 1287 2217 impeliti
1326 2165 1372 2205 ct
1411 2162 1559 2205 nimir
1600 2162 1832 2218 sperantis
1865 2161 2269 2214 castigttionibus.
2334 2174 2451 2216 quas
2495 2161 2637 2203 casti-

299 2182 625 2286 amitinos-5³31
662 2226 746 2273 illo
785 2233 994 2286 tempore
1032 2228 1197 2275 multis
1236 2228 1439 2275 saeculis
1481 2236 1590 2275 ante
1631 2236 1795 2288 poetae
1834 2229 2131 2285 Francogalli
2169 2229 2306 2274 lusus
2349 2227 2664 2274 immortales.

299 2301 564 2360 frequentent*
611 2298 757 2343 fuisse
803 2303 848 2342 ct
888 2312 946 2343 ex
991 2313 1146 2344 rerum
1192 2305 1363 2344 natura
1408 2298 1653 2357 probabile
1700 2307 1771 2345 est
1815 2308 1859 2344 et
1906 2301 1997 2357 ipsi
2039 2298 2206 2344 medici
2245 2305 2458 2344 auctores
2503 2304 2639 2343 sunt:

303 2385 338 2415 e.
362 2384 403 2427 g.
437 2370 688 2420 conferatis
719 2367 933 2426 lepidum
965 2367 1103 2415 illuni
1125 2368 1283 2415 locum
1314 2368 1425 2416 libri
1456 2368 1542 2426 περὶ
1572 2369 1719 2427 διαίτης
1750 2369 1866 2419 ὀξέων
1894 2370 1942 2426 [3
1964 2384 2006 2427 p.
2031 2373 2114 2415 >40
2136 2369 2187 2414 L.
2194 2369 2237 2424 l:
2276 2367 2340 2411 καί
2371 2385 2428 2411 τοι
2459 2368 2641 2425 διαβολήν

298 2440 469 2497 γεὲχειμ
495 2439 571 2498 ὅλη
602 2436 627 2492 ἧ
659 2437 777 2494 τέχνη
818 2438 910 2494 πρὸς
947 2441 1020 2479 τῶν
1050 2438 1250 2494 ὃημοτέων
1282 2438 1454 2495 μεγάλην
1485 2439 1534 2487 ὡς
1566 2439 1665 2495 μηδὲ
1707 2441 1830 2482 δοκεῖν
1871 2437 1970 2486 ὅλως
2009 2439 2230 2495 ἱη-οικὴνε
2229 2438 2327 2480 {m
2369 2456 2407 2480 εν
2448 2455 2491 2493 γε
2526 2441 2641 2480 τοῖσιν

299 2507 402 2558 ὀξέσι
452 2512 525 2551 τῶν
560 2505 809 2563 ἱνοσημοὶτων
869 2506 1026 2549 τοσόνδε
1081 2506 1285 2550 διοίσουσιν
1336 2506 1518 2564 ἀλλήλων
1571 2508 1607 2551 οἱ
1659 2508 1911 2566 χειρώνακτες
1962 2505 2061 2550 ὥστε
2115 2505 2139 2550 ἃ
2190 2507 2211 2550 ὁ
2258 2508 2318 2550 ἕτε
2305 2525 2384 2564 -ρος
2435 2507 2629 2564 προσφὲρε

303 2576 517 2634 ἡγεύμενος
547 2572 685 2634 ἄριστα
717 2575 825 2628 εἶναι,
868 2579 989 2619 ταῦτα
1026 2575 1192 2634 νομίζειν
1223 2573 1298 2635 ἤδη
1331 2577 1396 2621 τὸν
1427 2579 1553 2636 ἕτερον
1584 2579 1687 2621 κακὰ
1729 2578 1826 2622 εἶναι
1862 2576 1926 2621 καὶ
1958 2578 2095 2636 σχεῦὸν
2135 2575 2179 2620 ἂν
2220 2577 2318 2620 κατά
2349 2593 2441 2633 γε
2423 2578 2465 2620 τὸ
2495 2577 2643 2619 τοιόνδε

300 2648 367 2703 τὴν
398 2647 537 2706 τέχνην
568 2647 680 2704 φαῖεν
711 2645 935 2703 ὡμοιῶσθαι
964 2650 1027 2703 τῆι
1058 2651 1247 2704 μαντικῆι,
1277 2645 1335 2690 ὅτι
1366 2647 1401 2690 οἱ
1433 2647 1584 2705 μάντιες
1616 2649 1679 2691 τὸν
1711 2648 1825 2691 αὐτὸν
1856 2645 2001 2705 ὄρνιθα,
2044 2648 2075 2690 εἰ
2109 2647 2177 2703 μὲν
2208 2647 2404 2704 ἀριστερὸς
2436 2646 2508 2702 εἴη,
2547 2646 2643 2702 ἀγα-

301 2716 370 2759 θὸν
412 2714 626 2773 νομίζουσιν
671 2715 794 2767 εἷναι,-
825 2716 858 2758 εἰ
899 2715 942 2758 δὲ
982 2715 1114 2766 δεξιός,
1156 2716 1286 2759 κακόν.
1366 2718 1510 2764 homo
1557 2718 1639 2763 ille
1686 2724 1783 2764 erat
1828 2717 1993 2776 pusilli
2040 2719 2230 2773 ingenii.
2276 2720 2499 2762 scientiae
2544 2732 2642 2763 non

301 2788 493 2833 multae.
570 2790 826 2844 postquam
881 2789 1165 2832 sententiam
1212 2787 1346 2833 illam
1391 2792 1656 2846 proposuit,
1710 2803 1765 2833 ea
1820 2803 1938 2845 quae
1984 2803 2080 2832 non
2131 2794 2291 2832 essent
2341 2803 2400 2833 ne
2446 2788 2641 2842 cogitari

301 2855 492 2913 quidem
544 2871 709 2912 posse,
766 2871 909 2913 quam
955 2859 1237 2902 sententiam
1283 2857 1472 2903 saeculo
1521 2861 1687 2914 quinto
1734 2864 1778 2902 et
1825 2862 1989 2913 quarto
2038 2857 2096 2902 ab
2140 2858 2362 2902 omnibus
2410 2856 2642 2912 sophistis

300 2928 350 2972 in
381 2925 537 2972 triuiis
569 2929 616 2970 et
645 2927 864 2983 compitis
907 2924 1206 2972 decantatam
1249 2942 1351 2972 esse
1384 2926 1586 2983 Gorgiae
1629 2927 1949 2985 disputatione
1981 2924 2066 2982 περὶ
2096 2928 2163 2969 τοῦ
2194 2925 2247 2982 μὴ
2279 2922 2384 2973 ὄντος
2425 2925 2642 2972 Platonis

299 2993 552 3041 Theaeteto
600 2992 829 3052 Sophista
874 2994 1179 3054 Euthydemo
1226 2996 1498 3043 Aristotelis
1545 2995 1731 3057 Topicis
1788 3010 1929 3054 quam
1975 2995 2311 3053 planissimum
2355 2994 2432 3048 fit,
2488 2996 2640 3053 primo

301 3065 418 3111 satis
450 3062 621 3111 callide
651 3063 777 3112 ludit
808 3066 857 3111 in
888 3065 1165 3119 notionibus
1197 3065 1297 3124 τύχη
1329 3064 1488 3125 εὐτυχίη
1519 3065 1672 3126 ἀτυχίη,
1712 3071 1811 3113 tum
1853 3081 1949 3113 non
1991 3064 2047 3111 dc
2085 3067 2236 3123 ipsius
2279 3067 2394 3112 artis
2434 3064 2645 3112 medicae

303 3135 572 3182 rationibus
605 3133 809 3188 disserit,
849 3135 932 3182 scd
971 3137 1095 3182 sicut
1138 3137 1307 3183 rabula
1338 3136 1395 3183 dc
1432 3137 1530 3184 foro
1572 3142 1758 3196 tempus
1799 3138 1905 3181 terit
1948 3141 2245 3192 aegrotorum
2283 3135 2539 3182 stultitiam
2570 3138 2643 3183 in-

300 3203 510 3250 cusando
543 3208 590 3249 et
620 3204 857 3263 querendo
890 3205 947 3265 de
979 3207 1265 3262 tegumentis
1297 3207 1596 3253 naturalibus
1628 3208 1809 3264 corpori
1846 3207 2054 3251 humano
2087 3204 2389 3251 circumdatis
2422 3208 2644 3264 uisuique

304 3273 630 3327 obstantibus
661 3273 864 3334 denique
895 3278 1068 3334 speciei
1099 3290 1242 3322 causa
1271 3279 1562 3336 paucissima
1592 3276 1649 3323 de
1681 3281 1776 3322 arte
1807 3274 2027 3322 medendi
2066 3277 2261 3334 exponit
2292 3280 2339 3321 et
2368 3290 2425 3321 ea
2455 3276 2646 3333 quidem

302 3346 420 3390 satis
462 3345 643 3391 inscite.
724 3345 905 3392 huncce
945 3345 1165 3393 libellum
1210 3361 1361 3405 nuper
1408 3349 1565 3393 extitit
1605 3348 1686 3405 qui
1730 3348 1906 3393 iniuste
1947 3351 1993 3392 et
2034 3347 2194 3403 inique
2235 3346 2503 3402 neglectum
2543 3361 2647 3393 esse

302 3412 475 3460 diceret
506 3429 603 3461 non
636 3429 728 3472 quo
762 3415 971 3471 uulgaris
1008 3416 1333 3473 sophistarum
1369 3419 1553 3473 generis
1595 3416 1888 3474 praeclarum
1928 3416 2165 3473 specimen
2201 3417 2447 3473 praeberet
2479 3416 2556 3463 uel
2588 3417 2648 3463 ad
