<?xml version="1.0" encoding="UTF-8"?>
<!DOCTYPE html PUBLIC "-//W3C//DTD XHTML 1.0 Transitional//EN"
    "http://www.w3.org/TR/xhtml1/DTD/xhtml1-transitional.dtd">
<html xmlns="http://www.w3.org/1999/xhtml" xml:lang="en" lang="en">
 <head>
  <title>
</title>
<meta http-equiv="Content-Type" content="text/html;charset=utf-8" />
  <meta name='ocr-system' content='tesseract 3.04.00' />
  <meta name='ocr-capabilities' content='ocr_page ocr_carea ocr_par ocr_line ocrx_word'/>
</head>
<body>
  <div class='ocr_page' id='page_1' title='image "4763762_0018.png"; bbox 0 0 2953 3847; ppageno 0'>
   <div class='ocr_carea' id='block_1_1' title="bbox 2583 160 2644 203">
    <p class='ocr_par' dir='ltr' id='par_1_1' title="bbox 2583 160 2644 203">
     <span class='ocr_line' id='line_1_1' title="bbox 2583 160 2644 203; baseline -0.016 0"><span class='ocrx_word' id='word_1_1' title='bbox 2583 160 2644 203; x_wconf 91' lang='lat'><strong>·11</strong></span> 
     </span>
    </p>
   </div>
   <div class='ocr_carea' id='block_1_2' title="bbox 295 293 2646 1189">
    <p class='ocr_par' dir='ltr' id='par_1_2' title="bbox 295 293 2646 1189">
     <span class='ocr_line' id='line_1_2' title="bbox 295 293 2646 354; baseline 0 -16"><span class='ocrx_word' id='word_1_2' title='bbox 295 295 665 353; x_wconf 70' lang='grc' dir='ltr'><strong>παρασκευάζεσθαι</strong></span> <span class='ocrx_word' id='word_1_3' title='bbox 707 295 756 344; x_wconf 85' lang='grc' dir='ltr'><strong>ὡς</strong></span> <span class='ocrx_word' id='word_1_4' title='bbox 795 295 925 340; x_wconf 76' lang='grc' dir='ltr'><strong>οὐκέτι</strong></span> <span class='ocrx_word' id='word_1_5' title='bbox 965 293 1156 354; x_wconf 75' lang='grc' dir='ltr'><strong>ἄρξοντας,</strong></span> <span class='ocrx_word' id='word_1_6' title='bbox 1196 295 1280 340; x_wconf 79' lang='grc' dir='ltr'><strong>ἀλλ’</strong></span> <span class='ocrx_word' id='word_1_7' title='bbox 1314 295 1562 354; x_wconf 77' lang='grc' dir='ltr'><strong>ἀρξομένους·</strong></span> <span class='ocrx_word' id='word_1_8' title='bbox 1602 297 1727 353; x_wconf 74' lang='grc' dir='ltr'><strong>φιλεῖν</strong></span> <span class='ocrx_word' id='word_1_9' title='bbox 1765 296 1839 353; x_wconf 71' lang='grc' dir='ltr'><strong>γὰρ</strong></span> <span class='ocrx_word' id='word_1_10' title='bbox 1879 297 1923 339; x_wconf 85' lang='grc' dir='ltr'><strong>ἐκ</strong></span> <span class='ocrx_word' id='word_1_11' title='bbox 1963 299 2035 339; x_wconf 82' lang='grc' dir='ltr'><strong>τῶν</strong></span> <span class='ocrx_word' id='word_1_12' title='bbox 2065 298 2248 352; x_wconf 79' lang='grc' dir='ltr'><strong>μαλακῶν</strong></span> <span class='ocrx_word' id='word_1_13' title='bbox 2278 294 2417 352; x_wconf 76' lang='grc' dir='ltr'><strong>χώρων</strong></span> <span class='ocrx_word' id='word_1_14' title='bbox 2448 295 2646 351; x_wconf 80' lang='grc' dir='ltr'><strong>μαλακοὺς</strong></span> 
     </span>
     <span class='ocr_line' id='line_1_3' title="bbox 297 361 2644 425; baseline -0.001 -17"><span class='ocrx_word' id='word_1_15' title='bbox 297 361 439 424; x_wconf 76' lang='grc' dir='ltr'><strong>ἄνδρας</strong></span> <span class='ocrx_word' id='word_1_16' title='bbox 469 363 665 423; x_wconf 77' lang='grc' dir='ltr'><strong>γίνεσθαι·</strong></span> <span class='ocrx_word' id='word_1_17' title='bbox 706 363 753 409; x_wconf 76' lang='grc' dir='ltr'><strong>οὐ</strong></span> <span class='ocrx_word' id='word_1_18' title='bbox 792 365 867 425; x_wconf 74' lang='grc' dir='ltr'><strong>γάρ</strong></span> <span class='ocrx_word' id='word_1_19' title='bbox 906 382 965 410; x_wconf 90' lang='grc' dir='ltr'><strong>τοι</strong></span> <span class='ocrx_word' id='word_1_20' title='bbox 1001 369 1068 416; x_wconf 68' lang='grc' dir='ltr'><strong>τῗς</strong></span> <span class='ocrx_word' id='word_1_21' title='bbox 1099 365 1217 424; x_wconf 77' lang='grc' dir='ltr'><strong>αὐτῆς</strong></span> <span class='ocrx_word' id='word_1_22' title='bbox 1247 369 1317 424; x_wconf 77' lang='grc' dir='ltr'><strong>γῆς</strong></span> <span class='ocrx_word' id='word_1_23' title='bbox 1348 365 1446 410; x_wconf 82' lang='grc' dir='ltr'><strong>εἶναι</strong></span> <span class='ocrx_word' id='word_1_24' title='bbox 1481 365 1627 424; x_wconf 84' lang='grc' dir='ltr'><strong>καρπόν</strong></span> <span class='ocrx_word' id='word_1_25' title='bbox 1656 382 1699 408; x_wconf 89' lang='grc' dir='ltr'><strong>τε</strong></span> <span class='ocrx_word' id='word_1_26' title='bbox 1731 365 1937 423; x_wconf 77' lang='grc' dir='ltr'><strong>θωμαστὸν</strong></span> <span class='ocrx_word' id='word_1_27' title='bbox 1967 365 2077 423; x_wconf 67' lang='grc' dir='ltr'><strong>φύειν</strong></span> <span class='ocrx_word' id='word_1_28' title='bbox 2117 363 2183 408; x_wconf 85' lang='grc' dir='ltr'><strong>καὶ</strong></span> <span class='ocrx_word' id='word_1_29' title='bbox 2223 361 2364 422; x_wconf 79' lang='grc' dir='ltr'><strong>ἄνδρας</strong></span> <span class='ocrx_word' id='word_1_30' title='bbox 2395 364 2568 421; x_wconf 75' lang='grc' dir='ltr'><strong>ἀγαθοὺς</strong></span> <span class='ocrx_word' id='word_1_31' title='bbox 2597 364 2644 406; x_wconf 74' lang='grc' dir='ltr'><strong>τὰ</strong></span> 
     </span>
     <span class='ocr_line' id='line_1_4' title="bbox 296 435 2642 495; baseline 0.001 -18"><span class='ocrx_word' id='word_1_32' title='bbox 296 435 475 492; x_wconf 78' lang='grc' dir='ltr'><strong>πολέμια.</strong></span> <span class='ocrx_word' id='word_1_33' title='bbox 562 435 798 482; x_wconf 88' lang='lat' dir='ltr'><strong>eiusmodi</strong></span> <span class='ocrx_word' id='word_1_34' title='bbox 851 438 1148 484; x_wconf 78' lang='lat' dir='ltr'><strong>ratiocinatio</strong></span> <span class='ocrx_word' id='word_1_35' title='bbox 1198 438 1391 495; x_wconf 88' lang='lat' dir='ltr'><strong>propria</strong></span> <span class='ocrx_word' id='word_1_36' title='bbox 1445 442 1542 482; x_wconf 90' lang='lat' dir='ltr'><strong>erat</strong></span> <span class='ocrx_word' id='word_1_37' title='bbox 1589 450 1749 482; x_wconf 89' lang='lat' dir='ltr'><strong>eorum</strong></span> <span class='ocrx_word' id='word_1_38' title='bbox 1806 436 2052 488; x_wconf 87' lang='lat' dir='ltr'><strong>hominum</strong></span> <span class='ocrx_word' id='word_1_39' title='bbox 2101 438 2182 494; x_wconf 92' lang='lat' dir='ltr'><strong>qui</strong></span> <span class='ocrx_word' id='word_1_40' title='bbox 2229 437 2442 480; x_wconf 91' lang='lat' dir='ltr'><strong>omnium</strong></span> <span class='ocrx_word' id='word_1_41' title='bbox 2488 449 2642 480; x_wconf 90' lang='lat' dir='ltr'><strong>rerum</strong></span> 
     </span>
     <span class='ocr_line' id='line_1_5' title="bbox 297 505 2644 564; baseline 0 -15"><span class='ocrx_word' id='word_1_42' title='bbox 297 509 517 550; x_wconf 86' lang='lat' dir='ltr'><strong>naturam</strong></span> <span class='ocrx_word' id='word_1_43' title='bbox 549 510 840 563; x_wconf 79' lang='lat' dir='ltr'>quaererent,</span> <span class='ocrx_word' id='word_1_44' title='bbox 885 505 1060 564; x_wconf 88' lang='lat' dir='ltr'><strong>quibus</strong></span> <span class='ocrx_word' id='word_1_45' title='bbox 1107 507 1267 551; x_wconf 88' lang='lat' dir='ltr'><strong>omnia</strong></span> <span class='ocrx_word' id='word_1_46' title='bbox 1311 510 1508 555; x_wconf 86' lang='lat' dir='ltr'><strong>naturae</strong></span> <span class='ocrx_word' id='word_1_47' title='bbox 1553 505 1711 551; x_wconf 87' lang='lat' dir='ltr'><strong>deberi</strong></span> <span class='ocrx_word' id='word_1_48' title='bbox 1754 505 2040 557; x_wconf 79' lang='lat' dir='ltr'><strong>uiderentur,</strong></span> <span class='ocrx_word' id='word_1_49' title='bbox 2071 507 2153 562; x_wconf 91' lang='lat' dir='ltr'><strong>qui</strong></span> <span class='ocrx_word' id='word_1_50' title='bbox 2198 505 2442 550; x_wconf 89' lang='lat' dir='ltr'><strong>hominem</strong></span> <span class='ocrx_word' id='word_1_51' title='bbox 2486 505 2644 561; x_wconf 85' lang='lat' dir='ltr'><strong>ipsum</strong></span> 
     </span>
     <span class='ocr_line' id='line_1_6' title="bbox 297 573 2645 633; baseline -0.001 -15"><span class='ocrx_word' id='word_1_52' title='bbox 297 573 419 619; x_wconf 89' lang='lat' dir='ltr'>nihil</span> <span class='ocrx_word' id='word_1_53' title='bbox 447 588 559 620; x_wconf 86' lang='lat' dir='ltr'><strong>esse</strong></span> <span class='ocrx_word' id='word_1_54' title='bbox 599 579 823 632; x_wconf 86' lang='lat' dir='ltr'><strong>putarent</strong></span> <span class='ocrx_word' id='word_1_55' title='bbox 853 577 956 620; x_wconf 74' lang='lat' dir='ltr'><strong>nisi·</strong></span> <span class='ocrx_word' id='word_1_56' title='bbox 977 574 1154 621; x_wconf 87' lang='lat' dir='ltr'><strong>animal</strong></span> <span class='ocrx_word' id='word_1_57' title='bbox 1186 579 1360 620; x_wconf 89' lang='lat' dir='ltr'><strong>natura</strong></span> <span class='ocrx_word' id='word_1_58' title='bbox 1397 579 1693 633; x_wconf 86' lang='lat' dir='ltr'><strong>procreatum</strong></span> <span class='ocrx_word' id='word_1_59' title='bbox 1724 581 1864 632; x_wconf 87' lang='lat' dir='ltr'><strong>atque</strong></span> <span class='ocrx_word' id='word_1_60' title='bbox 1896 589 1953 620; x_wconf 86' lang='lat' dir='ltr'><strong>ex</strong></span> <span class='ocrx_word' id='word_1_61' title='bbox 1985 576 2077 620; x_wconf 87' lang='lat' dir='ltr'><strong>soli</strong></span> <span class='ocrx_word' id='word_1_62' title='bbox 2108 576 2250 632; x_wconf 88' lang='lat' dir='ltr'><strong>patrii</strong></span> <span class='ocrx_word' id='word_1_63' title='bbox 2282 579 2450 618; x_wconf 86' lang='lat' dir='ltr'><strong>natura</strong></span> <span class='ocrx_word' id='word_1_64' title='bbox 2484 575 2645 617; x_wconf 89' lang='lat' dir='ltr'><strong>omnia</strong></span> 
     </span>
     <span class='ocr_line' id='line_1_7' title="bbox 298 641 2642 699; baseline -0.001 -12"><span class='ocrx_word' id='word_1_65' title='bbox 298 648 343 688; x_wconf 90' lang='lat' dir='ltr'><strong>ct</strong></span> <span class='ocrx_word' id='word_1_66' title='bbox 374 645 494 689; x_wconf 88' lang='lat' dir='ltr'><strong>uitia</strong></span> <span class='ocrx_word' id='word_1_67' title='bbox 524 648 570 688; x_wconf 90' lang='lat' dir='ltr'><strong>et</strong></span> <span class='ocrx_word' id='word_1_68' title='bbox 601 645 800 689; x_wconf 88' lang='lat' dir='ltr'><strong>uirtutes</strong></span> <span class='ocrx_word' id='word_1_69' title='bbox 839 643 1098 697; x_wconf 86' lang='lat' dir='ltr'><strong>deducens;</strong></span> <span class='ocrx_word' id='word_1_70' title='bbox 1157 645 1276 690; x_wconf 86' lang='lat' dir='ltr'><strong>tales</strong></span> <span class='ocrx_word' id='word_1_71' title='bbox 1324 650 1481 689; x_wconf 89' lang='lat' dir='ltr'><strong>autem</strong></span> <span class='ocrx_word' id='word_1_72' title='bbox 1527 645 1743 690; x_wconf 87' lang='lat' dir='ltr'><strong>homines</strong></span> <span class='ocrx_word' id='word_1_73' title='bbox 1785 659 1843 689; x_wconf 92' lang='lat' dir='ltr'><strong>ne</strong></span> <span class='ocrx_word' id='word_1_74' title='bbox 1889 647 2010 689; x_wconf 88' lang='lat' dir='ltr'><strong>inter</strong></span> <span class='ocrx_word' id='word_1_75' title='bbox 2043 643 2248 688; x_wconf 77' lang='lat' dir='ltr'><strong>Graecos</strong></span> <span class='ocrx_word' id='word_1_76' title='bbox 2288 642 2479 699; x_wconf 85' lang='lat' dir='ltr'><strong>quidem</strong></span> <span class='ocrx_word' id='word_1_77' title='bbox 2511 641 2642 686; x_wconf 78' lang='lat' dir='ltr'><strong>illius</strong></span> 
     </span>
     <span class='ocr_line' id='line_1_8' title="bbox 297 712 2645 771; baseline -0.001 -14"><span class='ocrx_word' id='word_1_78' title='bbox 297 712 476 758; x_wconf 88' lang='lat' dir='ltr'><strong>saeculi</strong></span> <span class='ocrx_word' id='word_1_79' title='bbox 537 712 627 758; x_wconf 93' lang='lat' dir='ltr'><strong>ulli</strong></span> <span class='ocrx_word' id='word_1_80' title='bbox 677 713 803 759; x_wconf 88' lang='lat' dir='ltr'><strong>fuere</strong></span> <span class='ocrx_word' id='word_1_81' title='bbox 862 716 956 759; x_wconf 90' lang='lat' dir='ltr'><strong>nisi</strong></span> <span class='ocrx_word' id='word_1_82' title='bbox 1006 714 1196 771; x_wconf 80' lang='lat' dir='ltr'><strong>physici</strong></span> <span class='ocrx_word' id='word_1_83' title='bbox 1245 714 1406 760; x_wconf 92' lang='lat' dir='ltr'><strong>Ionici.</strong></span> <span class='ocrx_word' id='word_1_84' title='bbox 1489 728 1689 770; x_wconf 90' lang='lat' dir='ltr'><strong>quorum</strong></span> <span class='ocrx_word' id='word_1_85' title='bbox 1740 715 2010 770; x_wconf 80' lang='lat' dir='ltr'><strong>opinionem</strong></span> <span class='ocrx_word' id='word_1_86' title='bbox 2062 714 2267 758; x_wconf 86' lang='lat' dir='ltr'><strong>breuiter</strong></span> <span class='ocrx_word' id='word_1_87' title='bbox 2316 717 2459 768; x_wconf 86' lang='lat' dir='ltr'><strong>atque</strong></span> <span class='ocrx_word' id='word_1_88' title='bbox 2510 716 2645 755; x_wconf 88' lang='lat' dir='ltr'><strong>acute</strong></span> 
     </span>
     <span class='ocr_line' id='line_1_9' title="bbox 295 777 2644 840; baseline -0.003 -14"><span class='ocrx_word' id='word_1_89' title='bbox 295 779 498 827; x_wconf 77' lang='lat' dir='ltr'><strong>edictam</strong></span> <span class='ocrx_word' id='word_1_90' title='bbox 542 784 796 829; x_wconf 79' lang='lat' dir='ltr'><strong>inuenietis</strong></span> <span class='ocrx_word' id='word_1_91' title='bbox 842 785 892 828; x_wconf 91' lang='lat' dir='ltr'><strong>in</strong></span> <span class='ocrx_word' id='word_1_92' title='bbox 943 782 1109 829; x_wconf 84' lang='lat' dir='ltr'><strong>libello</strong></span> <span class='ocrx_word' id='word_1_93' title='bbox 1154 781 1241 840; x_wconf 85' lang='grc' dir='ltr'><strong>περὶ</strong></span> <span class='ocrx_word' id='word_1_94' title='bbox 1286 781 1414 839; x_wconf 77' lang='grc' dir='ltr'><strong>ἀέρων</strong></span> <span class='ocrx_word' id='word_1_95' title='bbox 1461 781 1610 826; x_wconf 73' lang='grc' dir='ltr'><strong>ὑδάτων</strong></span> <span class='ocrx_word' id='word_1_96' title='bbox 1655 781 1782 824; x_wconf 85' lang='grc' dir='ltr'><strong>τόπων</strong></span> <span class='ocrx_word' id='word_1_97' title='bbox 1832 783 1909 838; x_wconf 76' lang='grc'><strong>[24</strong></span> <span class='ocrx_word' id='word_1_98' title='bbox 1950 797 1992 839; x_wconf 85' lang='lat' dir='ltr'><strong>p.</strong></span> <span class='ocrx_word' id='word_1_99' title='bbox 2035 787 2092 828; x_wconf 84' lang='lat'><strong>90</strong></span> <span class='ocrx_word' id='word_1_100' title='bbox 2137 781 2237 836; x_wconf 79' lang='lat' dir='ltr'><strong>L.l:</strong></span> <span class='ocrx_word' id='word_1_101' title='bbox 2283 780 2457 837; x_wconf 73' lang='grc' dir='ltr'><strong>εὑρήσεις</strong></span> <span class='ocrx_word' id='word_1_102' title='bbox 2498 777 2562 822; x_wconf 79' lang='grc' dir='ltr'><strong>ἐπὶ</strong></span> <span class='ocrx_word' id='word_1_103' title='bbox 2602 779 2644 820; x_wconf 73' lang='grc' dir='ltr'><strong>τὸ</strong></span> 
     </span>
     <span class='ocr_line' id='line_1_10' title="bbox 296 849 2644 910; baseline -0 -17"><span class='ocrx_word' id='word_1_104' title='bbox 296 851 445 907; x_wconf 80' lang='grc' dir='ltr'><strong>πλῆθος</strong></span> <span class='ocrx_word' id='word_1_105' title='bbox 483 854 550 908; x_wconf 77' lang='grc' dir='ltr'><strong>τῆς</strong></span> <span class='ocrx_word' id='word_1_106' title='bbox 588 851 718 910; x_wconf 78' lang='grc' dir='ltr'><strong>χώρης</strong></span> <span class='ocrx_word' id='word_1_107' title='bbox 755 855 818 908; x_wconf 81' lang='grc' dir='ltr'><strong>τῆι</strong></span> <span class='ocrx_word' id='word_1_108' title='bbox 853 852 966 910; x_wconf 72' lang='grc' dir='ltr'><strong>φύσει</strong></span> <span class='ocrx_word' id='word_1_109' title='bbox 1005 851 1293 896; x_wconf 74' lang='grc' dir='ltr'><strong>ἀκολουθέοντα</strong></span> <span class='ocrx_word' id='word_1_110' title='bbox 1331 850 1396 895; x_wconf 83' lang='grc' dir='ltr'><strong>καὶ</strong></span> <span class='ocrx_word' id='word_1_111' title='bbox 1435 851 1483 894; x_wconf 75' lang='grc' dir='ltr'><strong>ταὶ</strong></span> <span class='ocrx_word' id='word_1_112' title='bbox 1522 850 1628 895; x_wconf 71' lang='grc' dir='ltr'><strong>εἴδεα</strong></span> <span class='ocrx_word' id='word_1_113' title='bbox 1669 855 1739 894; x_wconf 77' lang='grc' dir='ltr'><strong>τῶν</strong></span> <span class='ocrx_word' id='word_1_114' title='bbox 1783 851 1995 908; x_wconf 80' lang='grc' dir='ltr'><strong>ἀνθρώπων</strong></span> <span class='ocrx_word' id='word_1_115' title='bbox 2036 850 2100 894; x_wconf 82' lang='grc' dir='ltr'><strong>καὶ</strong></span> <span class='ocrx_word' id='word_1_116' title='bbox 2145 853 2231 900; x_wconf 69' lang='grc' dir='ltr'><strong>τοὺς</strong></span> <span class='ocrx_word' id='word_1_117' title='bbox 2275 851 2449 908; x_wconf 74' lang='grc' dir='ltr'><strong>τρόπους.</strong></span> <span class='ocrx_word' id='word_1_118' title='bbox 2522 849 2644 894; x_wconf 76' lang='lat' dir='ltr'><strong>hanc</strong></span> 
     </span>
     <span class='ocr_line' id='line_1_11' title="bbox 296 922 2643 982; baseline -0.001 -16"><span class='ocrx_word' id='word_1_119' title='bbox 296 923 449 979; x_wconf 83' lang='lat' dir='ltr'><strong>ipsam</strong></span> <span class='ocrx_word' id='word_1_120' title='bbox 492 927 544 968; x_wconf 88' lang='lat' dir='ltr'><strong>ut</strong></span> <span class='ocrx_word' id='word_1_121' title='bbox 584 924 815 969; x_wconf 89' lang='lat' dir='ltr'><strong>rationem</strong></span> <span class='ocrx_word' id='word_1_122' title='bbox 857 937 999 981; x_wconf 86' lang='lat' dir='ltr'><strong>quam</strong></span> <span class='ocrx_word' id='word_1_123' title='bbox 1039 923 1259 982; x_wconf 85' lang='lat' dir='ltr'><strong>plurimis</strong></span> <span class='ocrx_word' id='word_1_124' title='bbox 1301 926 1589 979; x_wconf 82' lang='lat' dir='ltr'><strong>argumentis</strong></span> <span class='ocrx_word' id='word_1_125' title='bbox 1631 923 1899 980; x_wconf 76' lang='lat' dir='ltr'><strong>probarent,</strong></span> <span class='ocrx_word' id='word_1_126' title='bbox 1941 924 2079 968; x_wconf 86' lang='lat' dir='ltr'><strong>lones</strong></span> <span class='ocrx_word' id='word_1_127' title='bbox 2122 923 2194 968; x_wconf 92' lang='lat' dir='ltr'><strong>illi</strong></span> <span class='ocrx_word' id='word_1_128' title='bbox 2232 937 2386 969; x_wconf 85' lang='lat' dir='ltr'><strong>mores</strong></span> <span class='ocrx_word' id='word_1_129' title='bbox 2427 922 2643 977; x_wconf 88' lang='lat' dir='ltr'><strong>gentium</strong></span> 
     </span>
     <span class='ocr_line' id='line_1_12' title="bbox 297 991 2640 1051; baseline -0.001 -15"><span class='ocrx_word' id='word_1_130' title='bbox 297 991 604 1038; x_wconf 87' lang='lat' dir='ltr'><strong>barbararum</strong></span> <span class='ocrx_word' id='word_1_131' title='bbox 656 1007 752 1039; x_wconf 91' lang='lat' dir='ltr'><strong>non</strong></span> <span class='ocrx_word' id='word_1_132' title='bbox 803 995 963 1049; x_wconf 90' lang='lat' dir='ltr'><strong>minus</strong></span> <span class='ocrx_word' id='word_1_133' title='bbox 1008 991 1267 1051; x_wconf 86' lang='lat' dir='ltr'><strong>diligenter</strong></span> <span class='ocrx_word' id='word_1_134' title='bbox 1316 1006 1457 1051; x_wconf 91' lang='lat' dir='ltr'><strong>quam</strong></span> <span class='ocrx_word' id='word_1_135' title='bbox 1505 995 1751 1050; x_wconf 86' lang='lat' dir='ltr'><strong>regionum</strong></span> <span class='ocrx_word' id='word_1_136' title='bbox 1802 995 2137 1051; x_wconf 71' lang='lat' dir='ltr'><strong>proprietateS,</strong></span> <span class='ocrx_word' id='word_1_137' title='bbox 2188 999 2406 1038; x_wconf 84' lang='lat' dir='ltr'><strong>naturam</strong></span> <span class='ocrx_word' id='word_1_138' title='bbox 2458 991 2640 1034; x_wconf 83' lang='lat' dir='ltr'><strong>anima-</strong></span> 
     </span>
     <span class='ocr_line' id='line_1_13' title="bbox 295 1060 2641 1120; baseline -0.001 -15"><span class='ocrx_word' id='word_1_139' title='bbox 295 1060 414 1106; x_wconf 89' lang='lat' dir='ltr'><strong>lium</strong></span> <span class='ocrx_word' id='word_1_140' title='bbox 452 1066 497 1106; x_wconf 92' lang='lat' dir='ltr'><strong>et</strong></span> <span class='ocrx_word' id='word_1_141' title='bbox 533 1061 756 1108; x_wconf 88' lang='lat' dir='ltr'><strong>arborum</strong></span> <span class='ocrx_word' id='word_1_142' title='bbox 795 1061 1162 1120; x_wconf 84' lang='lat' dir='ltr'><strong>plantarumque</strong></span> <span class='ocrx_word' id='word_1_143' title='bbox 1202 1068 1248 1107; x_wconf 89' lang='lat' dir='ltr'><strong>et</strong></span> <span class='ocrx_word' id='word_1_144' title='bbox 1286 1067 1437 1107; x_wconf 88' lang='lat' dir='ltr'><strong>cetera</strong></span> <span class='ocrx_word' id='word_1_145' title='bbox 1478 1076 1596 1119; x_wconf 85' lang='lat' dir='ltr'><strong>quae</strong></span> <span class='ocrx_word' id='word_1_146' title='bbox 1636 1061 1821 1118; x_wconf 75' lang='grc' dir='ltr'><strong>θωμάσια</strong></span> <span class='ocrx_word' id='word_1_147' title='bbox 1862 1062 2020 1107; x_wconf 88' lang='lat' dir='ltr'><strong>dixere</strong></span> <span class='ocrx_word' id='word_1_148' title='bbox 2052 1064 2377 1108; x_wconf 82' lang='lat' dir='ltr'><strong>obseruarunt.</strong></span> <span class='ocrx_word' id='word_1_149' title='bbox 2440 1068 2641 1104; x_wconf 81' lang='lat' dir='ltr'><strong>ceterum</strong></span> 
     </span>
     <span class='ocr_line' id='line_1_14' title="bbox 296 1129 2640 1189; baseline -0.001 -14"><span class='ocrx_word' id='word_1_150' title='bbox 296 1131 401 1187; x_wconf 88' lang='lat' dir='ltr'><strong>ipsa</strong></span> <span class='ocrx_word' id='word_1_151' title='bbox 457 1129 543 1175; x_wconf 88' lang='lat' dir='ltr'><strong>illa</strong></span> <span class='ocrx_word' id='word_1_152' title='bbox 599 1132 836 1177; x_wconf 85' lang='lat' dir='ltr'><strong>sententia</strong></span> <span class='ocrx_word' id='word_1_153' title='bbox 892 1145 1034 1189; x_wconf 82' lang='lat' dir='ltr'><strong>quam</strong></span> <span class='ocrx_word' id='word_1_154' title='bbox 1092 1131 1270 1188; x_wconf 87' lang='lat' dir='ltr'><strong>Cyrum</strong></span> <span class='ocrx_word' id='word_1_155' title='bbox 1320 1130 1589 1178; x_wconf 88' lang='lat' dir='ltr'><strong>Herodotus</strong></span> <span class='ocrx_word' id='word_1_156' title='bbox 1649 1132 1961 1189; x_wconf 88' lang='lat' dir='ltr'><strong>proferentem</strong></span> <span class='ocrx_word' id='word_1_157' title='bbox 2021 1133 2155 1177; x_wconf 78' lang='lat' dir='ltr'><strong>facit.</strong></span> <span class='ocrx_word' id='word_1_158' title='bbox 2215 1133 2263 1175; x_wconf 91' lang='lat' dir='ltr'><strong>in</strong></span> <span class='ocrx_word' id='word_1_159' title='bbox 2319 1130 2442 1175; x_wconf 89' lang='lat' dir='ltr'><strong>libro</strong></span> <span class='ocrx_word' id='word_1_160' title='bbox 2503 1143 2640 1185; x_wconf 83' lang='lat' dir='ltr'><strong>quem</strong></span> 
     </span>
    </p>
   </div>
   <div class='ocr_carea' id='block_1_3' title="bbox 294 1196 2644 1328">
    <p class='ocr_par' dir='ltr' id='par_1_3' title="bbox 294 1196 2644 1328">
     <span class='ocr_line' id='line_1_15' title="bbox 295 1196 2642 1259; baseline -0.003 -16"><span class='ocrx_word' id='word_1_161' title='bbox 295 1201 661 1247; x_wconf 74' lang='lat' dir='ltr'><strong>commemoraui</strong></span> <span class='ocrx_word' id='word_1_162' title='bbox 691 1198 812 1246; x_wconf 83' lang='lat' dir='ltr'><strong>redit</strong></span> <span class='ocrx_word' id='word_1_163' title='bbox 851 1201 929 1256; x_wconf 78' lang='lat'><strong>[12</strong></span> <span class='ocrx_word' id='word_1_164' title='bbox 952 1209 1005 1258; x_wconf 69' lang='lat'><strong>15</strong></span> <span class='ocrx_word' id='word_1_165' title='bbox 1038 1204 1092 1249; x_wconf 77' lang='grc'><strong>54</strong></span> <span class='ocrx_word' id='word_1_166' title='bbox 1123 1199 1366 1259; x_wconf 69' lang='grc' dir='ltr'><strong>Ιι.1;ἔχει</strong></span> <span class='ocrx_word' id='word_1_167' title='bbox 1406 1200 1449 1243; x_wconf 73' lang='grc' dir='ltr'><strong>δὲ</strong></span> <span class='ocrx_word' id='word_1_168' title='bbox 1480 1216 1577 1243; x_wconf 81' lang='grc' dir='ltr'><strong>κατα</strong></span> <span class='ocrx_word' id='word_1_169' title='bbox 1610 1216 1678 1243; x_wconf 78' lang='grc' dir='ltr'><strong>ττν</strong></span> <span class='ocrx_word' id='word_1_170' title='bbox 1705 1199 1834 1256; x_wconf 77' lang='grc' dir='ltr'><strong>Ἀσίην</strong></span> <span class='ocrx_word' id='word_1_171' title='bbox 1864 1216 1911 1242; x_wconf 84' lang='grc' dir='ltr'><strong>ου</strong></span> <span class='ocrx_word' id='word_1_172' title='bbox 1943 1203 2139 1257; x_wconf 78' lang='grc' dir='ltr'><strong>πανταχῆι</strong></span> <span class='ocrx_word' id='word_1_173' title='bbox 2169 1198 2322 1255; x_wconf 70' lang='grc' dir='ltr'><strong>ὁυοίως,</strong></span> <span class='ocrx_word' id='word_1_174' title='bbox 2356 1198 2437 1239; x_wconf 60' lang='grc' dir='ltr'><strong>ἀλῖὶ</strong></span> <span class='ocrx_word' id='word_1_175' title='bbox 2472 1196 2545 1253; x_wconf 72' lang='grc' dir='ltr'><strong>ὅση</strong></span> <span class='ocrx_word' id='word_1_176' title='bbox 2574 1196 2642 1252; x_wconf 76' lang='grc' dir='ltr'><strong>μὲν</strong></span> 
     </span>
     <span class='ocr_line' id='line_1_16' title="bbox 294 1266 2644 1328; baseline -0.002 -17"><span class='ocrx_word' id='word_1_177' title='bbox 294 1271 361 1325; x_wconf 75' lang='grc' dir='ltr'><strong>τῆς</strong></span> <span class='ocrx_word' id='word_1_178' title='bbox 402 1268 534 1327; x_wconf 77' lang='grc' dir='ltr'><strong>χώρης</strong></span> <span class='ocrx_word' id='word_1_179' title='bbox 574 1270 615 1310; x_wconf 86' lang='grc' dir='ltr'><strong>ἐν</strong></span> <span class='ocrx_word' id='word_1_180' title='bbox 655 1269 779 1325; x_wconf 68' lang='grc' dir='ltr'><strong>μέσων,</strong></span> <span class='ocrx_word' id='word_1_181' title='bbox 818 1272 932 1311; x_wconf 68' lang='grc' dir='ltr'><strong>κεῖται</strong></span> <span class='ocrx_word' id='word_1_182' title='bbox 962 1273 1051 1314; x_wconf 64' lang='grc' dir='ltr'><strong>τσῦ</strong></span> <span class='ocrx_word' id='word_1_183' title='bbox 1072 1270 1218 1328; x_wconf 67' lang='grc' dir='ltr'><strong>θερμου</strong></span> <span class='ocrx_word' id='word_1_184' title='bbox 1255 1270 1321 1312; x_wconf 85' lang='grc' dir='ltr'><strong>καὶ</strong></span> <span class='ocrx_word' id='word_1_185' title='bbox 1358 1274 1425 1311; x_wconf 76' lang='grc' dir='ltr'><strong>τοῦ</strong></span> <span class='ocrx_word' id='word_1_186' title='bbox 1463 1275 1623 1328; x_wconf 68' lang='grc' dir='ltr'><strong>ψυχροῦ,</strong></span> <span class='ocrx_word' id='word_1_187' title='bbox 1666 1269 1764 1325; x_wconf 69' lang='grc' dir='ltr'><strong>αότη</strong></span> <span class='ocrx_word' id='word_1_188' title='bbox 1807 1270 1874 1325; x_wconf 68' lang='grc' dir='ltr'><strong>ιὲν</strong></span> <span class='ocrx_word' id='word_1_189' title='bbox 1914 1285 2182 1325; x_wconf 75' lang='grc' dir='ltr'><strong>ευκαρποτατη</strong></span> <span class='ocrx_word' id='word_1_190' title='bbox 2223 1268 2301 1309; x_wconf 79' lang='grc' dir='ltr'><strong>ἐστὶ</strong></span> <span class='ocrx_word' id='word_1_191' title='bbox 2341 1267 2407 1308; x_wconf 77' lang='grc' dir='ltr'><strong>καὶ</strong></span> <span class='ocrx_word' id='word_1_192' title='bbox 2447 1266 2514 1307; x_wconf 57' lang='grc' dir='ltr'><strong>ευ),</strong></span> <span class='ocrx_word' id='word_1_193' title='bbox 2503 1270 2626 1321; x_wconf 77' lang='grc' dir='ltr'><strong>ενῦρο</strong></span> <span class='ocrx_word' id='word_1_194' title='bbox 2613 1289 2644 1306; x_wconf 63' lang='lat'><strong>›-</strong></span> 
     </span>
    </p>
   </div>
   <div class='ocr_carea' id='block_1_4' title="bbox 294 1337 2643 1606">
    <p class='ocr_par' dir='ltr' id='par_1_4' title="bbox 294 1337 2643 1422">
     <span class='ocr_line' id='line_1_17' title="bbox 294 1337 2643 1422; baseline -0.002 -43"><span class='ocrx_word' id='word_1_195' title='bbox 294 1339 390 1393; x_wconf 67' lang='grc' dir='ltr'><strong>τάτη</strong></span> <span class='ocrx_word' id='word_1_196' title='bbox 412 1369 541 1380; x_wconf 90' lang='grc'><strong>.....</strong></span> <span class='ocrx_word' id='word_1_197' title='bbox 571 1339 614 1379; x_wconf 80' lang='grc' dir='ltr'><strong>τὸ</strong></span> <span class='ocrx_word' id='word_1_198' title='bbox 646 1339 689 1380; x_wconf 83' lang='grc' dir='ltr'><strong>δε</strong></span> <span class='ocrx_word' id='word_1_199' title='bbox 719 1340 885 1397; x_wconf 79' lang='grc' dir='ltr'><strong>ανδρεῑον</strong></span> <span class='ocrx_word' id='word_1_200' title='bbox 925 1341 990 1382; x_wconf 73' lang='grc' dir='ltr'><strong>καὶ</strong></span> <span class='ocrx_word' id='word_1_201' title='bbox 1039 1342 1080 1383; x_wconf 64' lang='grc' dir='ltr'><strong>,τὶ</strong></span> <span class='ocrx_word' id='word_1_202' title='bbox 1111 1341 1355 1422; x_wconf 76' lang='grc' dir='ltr'><strong>ταλαίπωρον</strong></span> <span class='ocrx_word' id='word_1_203' title='bbox 1395 1340 1460 1381; x_wconf 82' lang='grc' dir='ltr'><strong>καὶ</strong></span> <span class='ocrx_word' id='word_1_204' title='bbox 1500 1342 1541 1381; x_wconf 82' lang='grc' dir='ltr'><strong>τὸ</strong></span> <span class='ocrx_word' id='word_1_205' title='bbox 1583 1342 1750 1396; x_wconf 58' lang='grc' dir='ltr'><strong>ἔμπονον</strong></span> <span class='ocrx_word' id='word_1_206' title='bbox 1786 1339 1851 1380; x_wconf 85' lang='grc' dir='ltr'><strong>καὶ</strong></span> <span class='ocrx_word' id='word_1_207' title='bbox 1890 1341 1932 1379; x_wconf 73' lang='grc' dir='ltr'><strong>τὸ</strong></span> <span class='ocrx_word' id='word_1_208' title='bbox 1974 1340 2176 1393; x_wconf 78' lang='grc' dir='ltr'><strong>θυμοειδὲς</strong></span> <span class='ocrx_word' id='word_1_209' title='bbox 2216 1356 2286 1378; x_wconf 82' lang='grc' dir='ltr'><strong>ουκ</strong></span> <span class='ocrx_word' id='word_1_210' title='bbox 2322 1337 2368 1378; x_wconf 76' lang='grc' dir='ltr'><strong>ἂν</strong></span> <span class='ocrx_word' id='word_1_211' title='bbox 2409 1338 2563 1378; x_wconf 72' lang='grc' dir='ltr'><strong>δύναιτο</strong></span> <span class='ocrx_word' id='word_1_212' title='bbox 2604 1339 2643 1377; x_wconf 81' lang='grc' dir='ltr'><strong>ἐν</strong></span> 
     </span>
    </p>

    <p class='ocr_par' dir='ltr' id='par_1_5' title="bbox 294 1405 2629 1538">
     <span class='ocr_line' id='line_1_18' title="bbox 294 1405 2377 1468; baseline -0.001 -19"><span class='ocrx_word' id='word_1_213' title='bbox 294 1408 469 1462; x_wconf 75' lang='grc' dir='ltr'><strong>τοιαύτηι</strong></span> <span class='ocrx_word' id='word_1_214' title='bbox 499 1408 614 1463; x_wconf 77' lang='grc' dir='ltr'><strong>φύσει</strong></span> <span class='ocrx_word' id='word_1_215' title='bbox 644 1407 856 1463; x_wconf 70' lang='grc' dir='ltr'><strong>ε(γίνεσθαι</strong></span> <span class='ocrx_word' id='word_1_216' title='bbox 885 1405 974 1451; x_wconf 84' lang='grc' dir='ltr'><strong>οὔτε</strong></span> <span class='ocrx_word' id='word_1_217' title='bbox 1010 1409 1211 1468; x_wconf 62' lang='grc' dir='ltr'><strong>οφύλου</strong></span> <span class='ocrx_word' id='word_1_218' title='bbox 1241 1406 1331 1452; x_wconf 78' lang='grc' dir='ltr'><strong>ου’τε</strong></span> <span class='ocrx_word' id='word_1_219' title='bbox 1362 1409 1596 1467; x_wconf 72' lang='grc' dir='ltr'><strong>ἀλλοφυλου,</strong></span> <span class='ocrx_word' id='word_1_220' title='bbox 1627 1410 1729 1452; x_wconf 77' lang='grc' dir='ltr'><strong>ἀλλά</strong></span> <span class='ocrx_word' id='word_1_221' title='bbox 1760 1411 1828 1465; x_wconf 74' lang='grc' dir='ltr'><strong>τήν</strong></span> <span class='ocrx_word' id='word_1_222' title='bbox 1862 1410 1907 1464; x_wconf 65' lang='grc' dir='ltr'><strong>ηῗ</strong></span> <span class='ocrx_word' id='word_1_223' title='bbox 1899 1410 2003 1464; x_wconf 77' lang='grc' dir='ltr'><strong>ονὴν</strong></span> <span class='ocrx_word' id='word_1_224' title='bbox 2034 1408 2184 1464; x_wconf 58' lang='lat' dir='ltr'><strong>dvi-4170</strong></span> <span class='ocrx_word' id='word_1_225' title='bbox 2215 1409 2377 1464; x_wconf 84' lang='grc' dir='ltr'><strong>κρατεῖν.</strong></span> 
     </span>
     <span class='ocr_line' id='line_1_19' title="bbox 501 1477 2629 1553; baseline -0.004 -25"><span class='ocrx_word' id='word_1_226' title='bbox 501 1477 749 1524; x_wconf 75' lang='lat' dir='ltr'><strong>Persarum</strong></span> <span class='ocrx_word' id='word_1_227' title='bbox 780 1493 929 1525; x_wconf 79' lang='lat' dir='ltr'><strong>mores</strong></span> <span class='ocrx_word' id='word_1_228' title='bbox 961 1478 989 1523; x_wconf 84' lang='lat' dir='ltr'><strong>(l</strong></span> <span class='ocrx_word' id='word_1_229' title='bbox 1029 1482 1297 1553; x_wconf 62' lang='lat' dir='ltr'><strong>›uribuntur</strong></span> <span class='ocrx_word' id='word_1_230' title='bbox 1340 1484 1377 1532; x_wconf 92' lang='grc'>1,</span> <span class='ocrx_word' id='word_1_231' title='bbox 1412 1484 1488 1525; x_wconf 89' lang='lat'><strong>131</strong></span> <span class='ocrx_word' id='word_1_232' title='bbox 1523 1496 1589 1538; x_wconf 87' lang='lat' dir='ltr'><strong>sq.</strong></span> <span class='ocrx_word' id='word_1_233' title='bbox 1631 1494 1750 1537; x_wconf 83' lang='lat' dir='ltr'><strong>quae</strong></span> <span class='ocrx_word' id='word_1_234' title='bbox 1782 1483 1918 1525; x_wconf 88' lang='lat' dir='ltr'><strong>initio</strong></span> <span class='ocrx_word' id='word_1_235' title='bbox 1951 1484 2117 1524; x_wconf 88' lang='lat' dir='ltr'><strong>contra</strong></span> <span class='ocrx_word' id='word_1_236' title='bbox 2147 1478 2433 1523; x_wconf 86' lang='lat' dir='ltr'><strong>Graecorum</strong></span> <span class='ocrx_word' id='word_1_237' title='bbox 2466 1490 2629 1533; x_wconf 77' lang='lat' dir='ltr'><strong>super-</strong></span> 
     </span>
    </p>

    <p class='ocr_par' dir='ltr' id='par_1_6' title="bbox 295 1530 2641 1606">
     <span class='ocr_line' id='line_1_20' title="bbox 295 1530 2641 1606; baseline -0.002 -15"><span class='ocrx_word' id='word_1_238' title='bbox 295 1549 537 1593; x_wconf 76' lang='lat' dir='ltr'><strong>stitionem</strong></span> <span class='ocrx_word' id='word_1_239' title='bbox 576 1530 1039 1604; x_wconf 53' lang='lat' dir='ltr'><strong>dicuntu1·ll3pod;·</strong></span> <span class='ocrx_word' id='word_1_240' title='bbox 1051 1550 1196 1595; x_wconf 55' lang='grc' dir='ltr'><strong>«οἶδα.</strong></span> <span class='ocrx_word' id='word_1_241' title='bbox 1247 1582 1256 1591; x_wconf 90' lang='grc'><strong>.</strong></span> <span class='ocrx_word' id='word_1_242' title='bbox 1287 1548 1497 1606; x_wconf 73' lang='grc' dir='ltr'><strong>ἄγαλματα</strong></span> <span class='ocrx_word' id='word_1_243' title='bbox 1535 1548 1599 1592; x_wconf 85' lang='grc' dir='ltr'><strong>καὶ</strong></span> <span class='ocrx_word' id='word_1_244' title='bbox 1635 1567 1749 1605; x_wconf 71' lang='grc' dir='ltr'><strong>νηους</strong></span> <span class='ocrx_word' id='word_1_245' title='bbox 1790 1548 1856 1592; x_wconf 84' lang='grc' dir='ltr'><strong>καὶ</strong></span> <span class='ocrx_word' id='word_1_246' title='bbox 1887 1548 2042 1606; x_wconf 73' lang='grc' dir='ltr'><strong>βωμους</strong></span> <span class='ocrx_word' id='word_1_247' title='bbox 2073 1547 2144 1591; x_wconf 78' lang='grc' dir='ltr'><strong>03κ</strong></span> <span class='ocrx_word' id='word_1_248' title='bbox 2175 1565 2214 1590; x_wconf 90' lang='grc' dir='ltr'><strong>εν</strong></span> <span class='ocrx_word' id='word_1_249' title='bbox 2240 1546 2364 1602; x_wconf 81' lang='grc' dir='ltr'><strong>νόμωι</strong></span> <span class='ocrx_word' id='word_1_250' title='bbox 2394 1561 2641 1601; x_wconf 79' lang='grc' dir='ltr'><strong>ποιευμενους</strong></span> 
     </span>
    </p>
   </div>
   <div class='ocr_carea' id='block_1_5' title="bbox 287 1614 2641 3492">
    <p class='ocr_par' dir='ltr' id='par_1_7' title="bbox 293 1614 2640 2582">
     <span class='ocr_line' id='line_1_21' title="bbox 295 1614 2640 1676; baseline -0.002 -18"><span class='ocrx_word' id='word_1_251' title='bbox 295 1615 507 1673; x_wconf 73' lang='grc' dir='ltr'><strong>ἱδρύεσθαι,</strong></span> <span class='ocrx_word' id='word_1_252' title='bbox 553 1615 654 1660; x_wconf 78' lang='grc' dir='ltr'><strong>ἀλλά</strong></span> <span class='ocrx_word' id='word_1_253' title='bbox 699 1632 765 1660; x_wconf 88' lang='grc' dir='ltr'><strong>και</strong></span> <span class='ocrx_word' id='word_1_254' title='bbox 809 1619 904 1660; x_wconf 87' lang='grc' dir='ltr'><strong>τοῖσι</strong></span> <span class='ocrx_word' id='word_1_255' title='bbox 945 1620 1095 1659; x_wconf 64' lang='grc' dir='ltr'><strong>ποιεῦσι</strong></span> <span class='ocrx_word' id='word_1_256' title='bbox 1121 1634 1240 1676; x_wconf 78' lang='grc' dir='ltr'><strong>-μωρι</strong></span> <span class='ocrx_word' id='word_1_257' title='bbox 1231 1618 1288 1674; x_wconf 80' lang='grc' dir='ltr'><strong>ἠν</strong></span> <span class='ocrx_word' id='word_1_258' title='bbox 1333 1619 1586 1676; x_wconf 68' lang='grc' dir='ltr'><strong>ἐπιφερουσιν,</strong></span> <span class='ocrx_word' id='word_1_259' title='bbox 1632 1618 1682 1668; x_wconf 86' lang='grc' dir='ltr'><strong>ὡς</strong></span> <span class='ocrx_word' id='word_1_260' title='bbox 1721 1635 1788 1676; x_wconf 78' lang='grc' dir='ltr'><strong>μεν</strong></span> <span class='ocrx_word' id='word_1_261' title='bbox 1829 1617 1915 1675; x_wconf 79' lang='grc' dir='ltr'><strong>εμοὶ</strong></span> <span class='ocrx_word' id='word_1_262' title='bbox 1955 1620 2099 1668; x_wconf 86' lang='grc' dir='ltr'><strong>οοκεῖν,</strong></span> <span class='ocrx_word' id='word_1_263' title='bbox 2146 1615 2205 1659; x_wconf 77' lang='grc' dir='ltr'><strong>ὅτι</strong></span> <span class='ocrx_word' id='word_1_264' title='bbox 2245 1632 2316 1658; x_wconf 89' lang='grc' dir='ltr'><strong>ουκ</strong></span> <span class='ocrx_word' id='word_1_265' title='bbox 2353 1614 2640 1672; x_wconf 62' lang='grc' dir='ltr'><strong>ἀνθρωποῳας</strong></span> 
     </span>
     <span class='ocr_line' id='line_1_22' title="bbox 295 1684 2636 1746; baseline 0.001 -20"><span class='ocrx_word' id='word_1_266' title='bbox 295 1685 475 1741; x_wconf 75' lang='grc' dir='ltr'><strong>ἐνόμισαν</strong></span> <span class='ocrx_word' id='word_1_267' title='bbox 504 1686 592 1734; x_wconf 79' lang='grc' dir='ltr'><strong>τοὺς</strong></span> <span class='ocrx_word' id='word_1_268' title='bbox 625 1687 738 1734; x_wconf 80' lang='grc' dir='ltr'><strong>θεοὺς</strong></span> <span class='ocrx_word' id='word_1_269' title='bbox 769 1685 867 1728; x_wconf 78' lang='grc' dir='ltr'><strong>κατά</strong></span> <span class='ocrx_word' id='word_1_270' title='bbox 896 1701 967 1741; x_wconf 80' lang='grc' dir='ltr'><strong>περ</strong></span> <span class='ocrx_word' id='word_1_271' title='bbox 998 1686 1036 1729; x_wconf 61' lang='lat' dir='ltr'><strong>riv.</strong></span> <span class='ocrx_word' id='word_1_272' title='bbox 1055 1684 1251 1744; x_wconf 74' lang='grc' dir='ltr'><strong>Ἕλληνες</strong></span> <span class='ocrx_word' id='word_1_273' title='bbox 1283 1688 1391 1738; x_wconf 79' lang='grc' dir='ltr'><strong>εἶναι,</strong></span> <span class='ocrx_word' id='word_1_274' title='bbox 1433 1702 1488 1733; x_wconf 89' lang='lat' dir='ltr'><strong>ca</strong></span> <span class='ocrx_word' id='word_1_275' title='bbox 1518 1703 1658 1746; x_wconf 85' lang='lat' dir='ltr'><strong>quam</strong></span> <span class='ocrx_word' id='word_1_276' title='bbox 1690 1691 1986 1746; x_wconf 81' lang='lat' dir='ltr'><strong>apertissime</strong></span> <span class='ocrx_word' id='word_1_277' title='bbox 2018 1689 2121 1731; x_wconf 90' lang='lat' dir='ltr'><strong>siue</strong></span> <span class='ocrx_word' id='word_1_278' title='bbox 2153 1686 2506 1743; x_wconf 82' lang='lat' dir='ltr'><strong>Xenophanem</strong></span> <span class='ocrx_word' id='word_1_279' title='bbox 2542 1685 2636 1740; x_wconf 78' lang='lat' dir='ltr'><strong>lap.</strong></span> 
     </span>
     <span class='ocr_line' id='line_1_23' title="bbox 296 1754 2637 1816; baseline -0.001 -17"><span class='ocrx_word' id='word_1_280' title='bbox 296 1754 441 1800; x_wconf 87' lang='lat' dir='ltr'><strong>Clem.</strong></span> <span class='ocrx_word' id='word_1_281' title='bbox 475 1760 633 1801; x_wconf 86' lang='lat' dir='ltr'><strong>strom.</strong></span> <span class='ocrx_word' id='word_1_282' title='bbox 668 1759 708 1807; x_wconf 78' lang='grc'>7,</span> <span class='ocrx_word' id='word_1_283' title='bbox 746 1760 772 1800; x_wconf 78' lang='lat'>4</span> <span class='ocrx_word' id='word_1_284' title='bbox 804 1769 847 1813; x_wconf 83' lang='lat' dir='ltr'><strong>p·</strong></span> <span class='ocrx_word' id='word_1_285' title='bbox 887 1757 986 1814; x_wconf 76' lang='lat'>841]</span> <span class='ocrx_word' id='word_1_286' title='bbox 1027 1760 1128 1803; x_wconf 85' lang='lat' dir='ltr'><strong>siue</strong></span> <span class='ocrx_word' id='word_1_287' title='bbox 1165 1757 1314 1804; x_wconf 87' lang='lat' dir='ltr'><strong>alium</strong></span> <span class='ocrx_word' id='word_1_288' title='bbox 1354 1757 1588 1815; x_wconf 87' lang='lat' dir='ltr'><strong>quendam</strong></span> <span class='ocrx_word' id='word_1_289' title='bbox 1625 1758 1970 1816; x_wconf 88' lang='lat' dir='ltr'><strong>philosophum</strong></span> <span class='ocrx_word' id='word_1_290' title='bbox 2009 1761 2173 1802; x_wconf 86' lang='lat' dir='ltr'><strong>contra</strong></span> <span class='ocrx_word' id='word_1_291' title='bbox 2213 1755 2434 1811; x_wconf 86' lang='lat' dir='ltr'><strong>uolgares</strong></span> <span class='ocrx_word' id='word_1_292' title='bbox 2474 1767 2637 1810; x_wconf 80' lang='lat' dir='ltr'><strong>super-</strong></span> 
     </span>
     <span class='ocr_line' id='line_1_24' title="bbox 295 1824 2640 1885; baseline -0.001 -16"><span class='ocrx_word' id='word_1_293' title='bbox 295 1827 514 1870; x_wconf 89' lang='lat' dir='ltr'><strong>stitiones</strong></span> <span class='ocrx_word' id='word_1_294' title='bbox 556 1824 900 1872; x_wconf 80' lang='lat' dir='ltr'><strong>declamantem</strong></span> <span class='ocrx_word' id='word_1_295' title='bbox 940 1827 1159 1884; x_wconf 85' lang='lat' dir='ltr'><strong>produnt.</strong></span> <span class='ocrx_word' id='word_1_296' title='bbox 1228 1833 1394 1885; x_wconf 85' lang='lat' dir='ltr'><strong>postea</strong></span> <span class='ocrx_word' id='word_1_297' title='bbox 1434 1841 1606 1885; x_wconf 89' lang='lat' dir='ltr'><strong>pueros</strong></span> <span class='ocrx_word' id='word_1_298' title='bbox 1649 1834 1901 1885; x_wconf 82' lang='lat' dir='ltr'><strong>antequam</strong></span> <span class='ocrx_word' id='word_1_299' title='bbox 1943 1830 2152 1885; x_wconf 89' lang='lat' dir='ltr'><strong>quinque</strong></span> <span class='ocrx_word' id='word_1_300' title='bbox 2193 1839 2347 1870; x_wconf 90' lang='lat' dir='ltr'><strong>annos</strong></span> <span class='ocrx_word' id='word_1_301' title='bbox 2389 1826 2489 1868; x_wconf 88' lang='lat' dir='ltr'><strong>nati</strong></span> <span class='ocrx_word' id='word_1_302' title='bbox 2530 1824 2640 1867; x_wconf 85' lang='lat' dir='ltr'><strong>sint.</strong></span> 
     </span>
     <span class='ocr_line' id='line_1_25' title="bbox 295 1890 2640 1955; baseline -0 -17"><span class='ocrx_word' id='word_1_303' title='bbox 295 1893 423 1952; x_wconf 84' lang='lat' dir='ltr'><strong>apud</strong></span> <span class='ocrx_word' id='word_1_304' title='bbox 455 1894 624 1939; x_wconf 82' lang='lat' dir='ltr'><strong>Persas</strong></span> <span class='ocrx_word' id='word_1_305' title='bbox 655 1897 777 1953; x_wconf 89' lang='lat' dir='ltr'><strong>patri</strong></span> <span class='ocrx_word' id='word_1_306' title='bbox 809 1898 859 1941; x_wconf 92' lang='lat' dir='ltr'><strong>in</strong></span> <span class='ocrx_word' id='word_1_307' title='bbox 901 1903 1206 1955; x_wconf 90' lang='lat' dir='ltr'><strong>conspectum</strong></span> <span class='ocrx_word' id='word_1_308' title='bbox 1247 1910 1343 1942; x_wconf 92' lang='lat' dir='ltr'><strong>non</strong></span> <span class='ocrx_word' id='word_1_309' title='bbox 1385 1900 1544 1943; x_wconf 89' lang='lat' dir='ltr'><strong>uenire</strong></span> <span class='ocrx_word' id='word_1_310' title='bbox 1582 1898 1776 1942; x_wconf 84' lang='lat' dir='ltr'><strong>refertur</strong></span> <span class='ocrx_word' id='word_1_311' title='bbox 1814 1904 1858 1942; x_wconf 91' lang='lat' dir='ltr'><strong>et</strong></span> <span class='ocrx_word' id='word_1_312' title='bbox 1898 1911 2042 1941; x_wconf 82' lang='lat' dir='ltr'><strong>causa</strong></span> <span class='ocrx_word' id='word_1_313' title='bbox 2081 1894 2271 1940; x_wconf 88' lang='lat' dir='ltr'><strong>additur</strong></span> <span class='ocrx_word' id='word_1_314' title='bbox 2305 1893 2460 1949; x_wconf 74' lang='lat'><strong>113612</strong></span> <span class='ocrx_word' id='word_1_315' title='bbox 2501 1893 2565 1935; x_wconf 78' lang='grc' dir='ltr'><strong>ἵνα</strong></span> <span class='ocrx_word' id='word_1_316' title='bbox 2595 1890 2640 1946; x_wconf 78' lang='grc' dir='ltr'><strong>ἦν</strong></span> 
     </span>
     <span class='ocr_line' id='line_1_26' title="bbox 296 1962 2638 2025; baseline 0.001 -20"><span class='ocrx_word' id='word_1_317' title='bbox 296 1963 494 2020; x_wconf 77' lang='grc' dir='ltr'><strong>ἀποθανηι</strong></span> <span class='ocrx_word' id='word_1_318' title='bbox 515 1965 758 2021; x_wconf 75' lang='grc' dir='ltr'><strong>τρεφόμενος,</strong></span> <span class='ocrx_word' id='word_1_319' title='bbox 787 1966 978 2022; x_wconf 73' lang='grc' dir='ltr'><strong>μηδεμίαν</strong></span> <span class='ocrx_word' id='word_1_320' title='bbox 999 1964 1096 2022; x_wconf 77' lang='grc' dir='ltr'><strong>ἄσην</strong></span> <span class='ocrx_word' id='word_1_321' title='bbox 1117 1971 1182 2009; x_wconf 83' lang='grc' dir='ltr'><strong>τῶι</strong></span> <span class='ocrx_word' id='word_1_322' title='bbox 1202 1965 1315 2023; x_wconf 86' lang='grc' dir='ltr'><strong>πατρὶ</strong></span> <span class='ocrx_word' id='word_1_323' title='bbox 1336 1967 1561 2024; x_wconf 72' lang='grc' dir='ltr'><strong>προσβάληι.</strong></span> <span class='ocrx_word' id='word_1_324' title='bbox 1616 1971 1747 2025; x_wconf 84' lang='lat' dir='ltr'><strong>atqui</strong></span> <span class='ocrx_word' id='word_1_325' title='bbox 1767 1967 2019 2025; x_wconf 81' lang='lat' dir='ltr'><strong>Euripides</strong></span> <span class='ocrx_word' id='word_1_326' title='bbox 2045 1965 2190 2021; x_wconf 77' lang='lat' dir='ltr'><strong>[Med.</strong></span> <span class='ocrx_word' id='word_1_327' title='bbox 2221 1969 2328 2010; x_wconf 83' lang='lat'>1081</span> <span class='ocrx_word' id='word_1_328' title='bbox 2360 1979 2427 2021; x_wconf 84' lang='lat' dir='ltr'><strong>sq.</strong></span> <span class='ocrx_word' id='word_1_329' title='bbox 2455 1964 2510 2008; x_wconf 82' lang='lat' dir='ltr'><strong>cf.</strong></span> <span class='ocrx_word' id='word_1_330' title='bbox 2536 1962 2638 2008; x_wconf 71' lang='lat' dir='ltr'><strong>Ale.</strong></span> 
     </span>
     <span class='ocr_line' id='line_1_27' title="bbox 294 2033 2638 2098; baseline -0 -19"><span class='ocrx_word' id='word_1_331' title='bbox 294 2038 390 2079; x_wconf 81' lang='lat'><strong>882.</strong></span> <span class='ocrx_word' id='word_1_332' title='bbox 423 2035 531 2098; x_wconf 67' lang='lat'><strong>903]</strong></span> <span class='ocrx_word' id='word_1_333' title='bbox 574 2036 658 2082; x_wconf 91' lang='lat' dir='ltr'><strong>ubi</strong></span> <span class='ocrx_word' id='word_1_334' title='bbox 689 2035 746 2081; x_wconf 90' lang='lat' dir='ltr'><strong>de</strong></span> <span class='ocrx_word' id='word_1_335' title='bbox 776 2038 978 2081; x_wconf 89' lang='lat' dir='ltr'><strong>miseriis</strong></span> <span class='ocrx_word' id='word_1_336' title='bbox 1010 2051 1130 2094; x_wconf 89' lang='lat' dir='ltr'><strong>quae</strong></span> <span class='ocrx_word' id='word_1_337' title='bbox 1159 2037 1415 2083; x_wconf 87' lang='lat' dir='ltr'><strong>liberorum</strong></span> <span class='ocrx_word' id='word_1_338' title='bbox 1447 2053 1590 2083; x_wconf 86' lang='lat' dir='ltr'><strong>causa</strong></span> <span class='ocrx_word' id='word_1_339' title='bbox 1628 2037 1902 2083; x_wconf 89' lang='lat' dir='ltr'><strong>hominibus</strong></span> <span class='ocrx_word' id='word_1_340' title='bbox 1935 2035 2211 2082; x_wconf 80' lang='lat' dir='ltr'><strong>subeundae</strong></span> <span class='ocrx_word' id='word_1_341' title='bbox 2255 2040 2367 2080; x_wconf 89' lang='lat' dir='ltr'><strong>sunt</strong></span> <span class='ocrx_word' id='word_1_342' title='bbox 2410 2033 2638 2091; x_wconf 83' lang='lat' dir='ltr'><strong>disputat.</strong></span> 
     </span>
     <span class='ocr_line' id='line_1_28' title="bbox 295 2102 2637 2165; baseline -0.005 -7"><span class='ocrx_word' id='word_1_343' title='bbox 295 2103 386 2150; x_wconf 84' lang='lat' dir='ltr'><strong>hOS</strong></span> <span class='ocrx_word' id='word_1_344' title='bbox 427 2102 550 2158; x_wconf 48' lang='lat' dir='ltr'><strong>es&amp;</strong></span> <span class='ocrx_word' id='word_1_345' title='bbox 565 2103 716 2155; x_wconf 65' lang='grc' dir='ltr'><strong>νόθους</strong></span> <span class='ocrx_word' id='word_1_346' title='bbox 756 2105 1004 2162; x_wconf 77' lang='grc' dir='ltr'><strong>λεπτοτέρους</strong></span> <span class='ocrx_word' id='word_1_347' title='bbox 1044 2112 1202 2164; x_wconf 88' lang='lat' dir='ltr'><strong>aperte</strong></span> <span class='ocrx_word' id='word_1_348' title='bbox 1242 2106 1356 2152; x_wconf 89' lang='lat' dir='ltr'><strong>dicit</strong></span> <span class='ocrx_word' id='word_1_349' title='bbox 1394 2107 1802 2165; x_wconf 89' lang='lat' dir='ltr'><strong>Antiphontisquc</strong></span> <span class='ocrx_word' id='word_1_350' title='bbox 1841 2107 2083 2164; x_wconf 82' lang='lat' dir='ltr'><strong>sophistae</strong></span> <span class='ocrx_word' id='word_1_351' title='bbox 2124 2103 2181 2149; x_wconf 92' lang='lat' dir='ltr'><strong>de</strong></span> <span class='ocrx_word' id='word_1_352' title='bbox 2218 2103 2382 2151; x_wconf 89' lang='lat' dir='ltr'><strong>cadem</strong></span> <span class='ocrx_word' id='word_1_353' title='bbox 2420 2118 2467 2148; x_wconf 91' lang='lat' dir='ltr'><strong>re</strong></span> <span class='ocrx_word' id='word_1_354' title='bbox 2510 2108 2637 2148; x_wconf 82' lang='lat' dir='ltr'><strong>extat</strong></span> 
     </span>
     <span class='ocr_line' id='line_1_29' title="bbox 294 2156 2636 2245; baseline -0.001 -26"><span class='ocrx_word' id='word_1_355' title='bbox 294 2173 454 2233; x_wconf 79' lang='lat' dir='ltr'><strong>nitida</strong></span> <span class='ocrx_word' id='word_1_356' title='bbox 484 2156 751 2245; x_wconf 46' lang='lat' dir='ltr'><strong>„Qicam</strong></span> <span class='ocrx_word' id='word_1_357' title='bbox 798 2176 956 2221; x_wconf 88' lang='lat' dir='ltr'><strong>fucata</strong></span> <span class='ocrx_word' id='word_1_358' title='bbox 1002 2179 1150 2222; x_wconf 89' lang='lat' dir='ltr'><strong>oratio</strong></span> <span class='ocrx_word' id='word_1_359' title='bbox 1196 2177 1462 2233; x_wconf 71' lang='lat' dir='ltr'><strong>{frg.130]</strong></span> <span class='ocrx_word' id='word_1_360' title='bbox 1537 2177 1834 2223; x_wconf 86' lang='lat' dir='ltr'><strong>historiolam</strong></span> <span class='ocrx_word' id='word_1_361' title='bbox 1880 2191 2065 2234; x_wconf 88' lang='lat' dir='ltr'><strong>quoque</strong></span> <span class='ocrx_word' id='word_1_362' title='bbox 2107 2189 2227 2234; x_wconf 85' lang='lat' dir='ltr'><strong>quae</strong></span> <span class='ocrx_word' id='word_1_363' title='bbox 2268 2173 2325 2218; x_wconf 89' lang='lat' dir='ltr'><strong>de</strong></span> <span class='ocrx_word' id='word_1_364' title='bbox 2360 2172 2556 2218; x_wconf 85' lang='lat' dir='ltr'><strong>Thalete</strong></span> <span class='ocrx_word' id='word_1_365' title='bbox 2593 2177 2636 2216; x_wconf 88' lang='lat' dir='ltr'><strong>et</strong></span> 
     </span>
     <span class='ocr_line' id='line_1_30' title="bbox 295 2235 2636 2306; baseline -0.001 -18"><span class='ocrx_word' id='word_1_366' title='bbox 295 2235 472 2293; x_wconf 71' lang='lat' dir='ltr'><strong>Soloafie</strong></span> <span class='ocrx_word' id='word_1_367' title='bbox 487 2244 618 2306; x_wconf 72' lang='lat' dir='ltr'><strong>apud</strong></span> <span class='ocrx_word' id='word_1_368' title='bbox 645 2245 957 2291; x_wconf 80' lang='lat' dir='ltr'><strong>Plutarchum</strong></span> <span class='ocrx_word' id='word_1_369' title='bbox 989 2246 1108 2301; x_wconf 83' lang='lat' dir='ltr'><strong>lSol.</strong></span> <span class='ocrx_word' id='word_1_370' title='bbox 1142 2247 1216 2301; x_wconf 91' lang='grc'><strong>101</strong></span> <span class='ocrx_word' id='word_1_371' title='bbox 1250 2247 1438 2302; x_wconf 84' lang='lat' dir='ltr'><strong>legitur,</strong></span> <span class='ocrx_word' id='word_1_372' title='bbox 1474 2247 1686 2293; x_wconf 84' lang='lat' dir='ltr'><strong>aflerrem</strong></span> <span class='ocrx_word' id='word_1_373' title='bbox 1723 2253 1883 2304; x_wconf 86' lang='lat' dir='ltr'><strong>utpote</strong></span> <span class='ocrx_word' id='word_1_374' title='bbox 1915 2260 1940 2291; x_wconf 86' lang='lat' dir='ltr'><strong>a</strong></span> <span class='ocrx_word' id='word_1_375' title='bbox 1973 2246 2191 2303; x_wconf 85' lang='lat' dir='ltr'><strong>sophista</strong></span> <span class='ocrx_word' id='word_1_376' title='bbox 2221 2243 2427 2303; x_wconf 90' lang='lat' dir='ltr'><strong>quodam</strong></span> <span class='ocrx_word' id='word_1_377' title='bbox 2459 2241 2636 2287; x_wconf 86' lang='lat' dir='ltr'><strong>saeculi</strong></span> 
     </span>
     <span class='ocr_line' id='line_1_31' title="bbox 294 2313 2636 2381; baseline -0 -23"><span class='ocrx_word' id='word_1_378' title='bbox 294 2314 466 2381; x_wconf 82' lang='lat' dir='ltr'><strong>quinti</strong></span> <span class='ocrx_word' id='word_1_379' title='bbox 477 2314 636 2373; x_wconf 50' lang='lat' dir='ltr'><strong>lepide</strong></span> <span class='ocrx_word' id='word_1_380' title='bbox 663 2313 837 2368; x_wconf 82' lang='lat' dir='ltr'><strong>fictam,</strong></span> <span class='ocrx_word' id='word_1_381' title='bbox 866 2316 961 2361; x_wconf 93' lang='lat' dir='ltr'><strong>nisi</strong></span> <span class='ocrx_word' id='word_1_382' title='bbox 991 2314 1280 2374; x_wconf 87' lang='lat' dir='ltr'><strong>Hermippus</strong></span> <span class='ocrx_word' id='word_1_383' title='bbox 1311 2317 1545 2374; x_wconf 85' lang='lat' dir='ltr'><strong>pessimae</strong></span> <span class='ocrx_word' id='word_1_384' title='bbox 1575 2315 1686 2362; x_wconf 91' lang='lat' dir='ltr'><strong>fidei</strong></span> <span class='ocrx_word' id='word_1_385' title='bbox 1718 2322 1879 2362; x_wconf 87' lang='lat' dir='ltr'><strong>auctor</strong></span> <span class='ocrx_word' id='word_1_386' title='bbox 1909 2322 2043 2360; x_wconf 87' lang='lat' dir='ltr'><strong>esset.</strong></span> <span class='ocrx_word' id='word_1_387' title='bbox 2092 2314 2293 2373; x_wconf 89' lang='lat' dir='ltr'><strong>denique</strong></span> <span class='ocrx_word' id='word_1_388' title='bbox 2320 2314 2636 2359; x_wconf 86' lang='lat' dir='ltr'><strong>narrationem</strong></span> 
     </span>
     <span class='ocr_line' id='line_1_32' title="bbox 293 2370 2636 2443; baseline -0.001 -16"><span class='ocrx_word' id='word_1_389' title='bbox 293 2370 426 2430; x_wconf 81' lang='lat' dir='ltr'><strong>illam</strong></span> <span class='ocrx_word' id='word_1_390' title='bbox 462 2380 637 2441; x_wconf 72' lang='lat'><strong>13,118</strong></span> <span class='ocrx_word' id='word_1_391' title='bbox 658 2383 750 2441; x_wconf 67' lang='lat' dir='ltr'><strong>sq]</strong></span> <span class='ocrx_word' id='word_1_392' title='bbox 786 2383 843 2430; x_wconf 92' lang='lat' dir='ltr'><strong>de</strong></span> <span class='ocrx_word' id='word_1_393' title='bbox 878 2385 1197 2443; x_wconf 89' lang='lat' dir='ltr'><strong>Intaphernae</strong></span> <span class='ocrx_word' id='word_1_394' title='bbox 1228 2399 1388 2437; x_wconf 78' lang='lat' dir='ltr'><strong>uxore,</strong></span> <span class='ocrx_word' id='word_1_395' title='bbox 1421 2399 1540 2443; x_wconf 87' lang='lat' dir='ltr'><strong>quae</strong></span> <span class='ocrx_word' id='word_1_396' title='bbox 1572 2385 1801 2443; x_wconf 82' lang='lat' dir='ltr'><strong>Sophocli</strong></span> <span class='ocrx_word' id='word_1_397' title='bbox 1830 2391 2073 2443; x_wconf 84' lang='lat' dir='ltr'><strong>tantopere</strong></span> <span class='ocrx_word' id='word_1_398' title='bbox 2104 2385 2297 2443; x_wconf 82' lang='lat' dir='ltr'><strong>placuit,</strong></span> <span class='ocrx_word' id='word_1_399' title='bbox 2326 2379 2636 2441; x_wconf 84' lang='lat' dir='ltr'><strong>praetermitti</strong></span> 
     </span>
     <span class='ocr_line' id='line_1_33' title="bbox 293 2451 2635 2513; baseline -0.001 -16"><span class='ocrx_word' id='word_1_400' title='bbox 293 2452 454 2501; x_wconf 86' lang='lat' dir='ltr'><strong>nolim.</strong></span> <span class='ocrx_word' id='word_1_401' title='bbox 516 2469 547 2500; x_wconf 84' lang='lat' dir='ltr'><strong>a</strong></span> <span class='ocrx_word' id='word_1_402' title='bbox 577 2453 793 2511; x_wconf 89' lang='lat' dir='ltr'><strong>sophista</strong></span> <span class='ocrx_word' id='word_1_403' title='bbox 825 2456 950 2501; x_wconf 91' lang='lat' dir='ltr'><strong>enim</strong></span> <span class='ocrx_word' id='word_1_404' title='bbox 982 2461 1116 2501; x_wconf 88' lang='lat' dir='ltr'><strong>acute</strong></span> <span class='ocrx_word' id='word_1_405' title='bbox 1158 2457 1423 2512; x_wconf 88' lang='lat' dir='ltr'><strong>excogitata</strong></span> <span class='ocrx_word' id='word_1_406' title='bbox 1461 2469 1564 2501; x_wconf 89' lang='lat' dir='ltr'><strong>esse</strong></span> <span class='ocrx_word' id='word_1_407' title='bbox 1594 2455 1783 2501; x_wconf 89' lang='lat' dir='ltr'><strong>uidetur</strong></span> <span class='ocrx_word' id='word_1_408' title='bbox 1814 2463 1866 2501; x_wconf 93' lang='lat' dir='ltr'><strong>ut</strong></span> <span class='ocrx_word' id='word_1_409' title='bbox 1897 2469 2037 2513; x_wconf 87' lang='lat' dir='ltr'><strong>quam</strong></span> <span class='ocrx_word' id='word_1_410' title='bbox 2069 2457 2167 2500; x_wconf 92' lang='lat' dir='ltr'><strong>uim</strong></span> <span class='ocrx_word' id='word_1_411' title='bbox 2198 2455 2407 2500; x_wconf 87' lang='lat' dir='ltr'><strong>habeant</strong></span> <span class='ocrx_word' id='word_1_412' title='bbox 2439 2469 2506 2494; x_wconf 72' lang='grc' dir='ltr'><strong>ω</strong></span> <span class='ocrx_word' id='word_1_413' title='bbox 2492 2451 2635 2507; x_wconf 63' lang='lat' dir='ltr'><strong>,33&#39;23m</strong></span> 
     </span>
     <span class='ocr_line' id='line_1_34' title="bbox 293 2524 750 2582; baseline -0.009 -10"><span class='ocrx_word' id='word_1_414' title='bbox 293 2528 338 2567; x_wconf 64' lang='lat' dir='ltr'><strong>vt</strong></span> <span class='ocrx_word' id='word_1_415' title='bbox 368 2524 483 2578; x_wconf 72' lang='grc' dir='ltr'><strong>κῆδος</strong></span> <span class='ocrx_word' id='word_1_416' title='bbox 513 2529 750 2582; x_wconf 84' lang='lat' dir='ltr'><strong>appareat.</strong></span> 
     </span>
    </p>

    <p class='ocr_par' dir='ltr' id='par_1_8' title="bbox 287 2591 2636 3350">
     <span class='ocr_line' id='line_1_35' title="bbox 499 2591 2633 2653; baseline -0.002 -14"><span class='ocrx_word' id='word_1_417' title='bbox 499 2592 638 2647; x_wconf 81' lang='lat' dir='ltr'><strong>Quod</strong></span> <span class='ocrx_word' id='word_1_418' title='bbox 677 2597 717 2647; x_wconf 85' lang='lat'><strong>3,</strong></span> <span class='ocrx_word' id='word_1_419' title='bbox 749 2597 804 2641; x_wconf 88' lang='lat'><strong>38</strong></span> <span class='ocrx_word' id='word_1_420' title='bbox 836 2594 1034 2641; x_wconf 87' lang='lat' dir='ltr'><strong>Darium</strong></span> <span class='ocrx_word' id='word_1_421' title='bbox 1073 2597 1123 2640; x_wconf 93' lang='lat' dir='ltr'><strong>in</strong></span> <span class='ocrx_word' id='word_1_422' title='bbox 1163 2594 1390 2642; x_wconf 89' lang='lat' dir='ltr'><strong>Indorum</strong></span> <span class='ocrx_word' id='word_1_423' title='bbox 1430 2595 1807 2653; x_wconf 84' lang='lat' dir='ltr'><strong>Graecorumque</strong></span> <span class='ocrx_word' id='word_1_424' title='bbox 1845 2595 2014 2652; x_wconf 84' lang='lat' dir='ltr'><strong>legatis</strong></span> <span class='ocrx_word' id='word_1_425' title='bbox 2054 2596 2426 2653; x_wconf 84' lang='lat' dir='ltr'><strong>experimentum</strong></span> <span class='ocrx_word' id='word_1_426' title='bbox 2468 2591 2633 2636; x_wconf 84' lang='lat' dir='ltr'><strong>fecisse</strong></span> 
     </span>
     <span class='ocr_line' id='line_1_36' title="bbox 292 2662 2633 2723; baseline 0.001 -17"><span class='ocrx_word' id='word_1_427' title='bbox 292 2662 486 2708; x_wconf 89' lang='lat' dir='ltr'><strong>refertur</strong></span> <span class='ocrx_word' id='word_1_428' title='bbox 516 2677 609 2721; x_wconf 92' lang='lat' dir='ltr'><strong>quo</strong></span> <span class='ocrx_word' id='word_1_429' title='bbox 643 2678 805 2709; x_wconf 89' lang='lat' dir='ltr'><strong>omnes</strong></span> <span class='ocrx_word' id='word_1_430' title='bbox 836 2665 1054 2711; x_wconf 87' lang='lat' dir='ltr'><strong>homines</strong></span> <span class='ocrx_word' id='word_1_431' title='bbox 1085 2665 1274 2721; x_wconf 88' lang='lat' dir='ltr'><strong>legibus</strong></span> <span class='ocrx_word' id='word_1_432' title='bbox 1306 2665 1492 2711; x_wconf 88' lang='lat' dir='ltr'><strong>traditis</strong></span> <span class='ocrx_word' id='word_1_433' title='bbox 1524 2668 1699 2711; x_wconf 89' lang='lat' dir='ltr'><strong>seruire</strong></span> <span class='ocrx_word' id='word_1_434' title='bbox 1731 2680 2058 2723; x_wconf 87' lang='lat' dir='ltr'><strong>summamque</strong></span> <span class='ocrx_word' id='word_1_435' title='bbox 2088 2665 2205 2720; x_wconf 78' lang='grc' dir='ltr'><strong>νόμου</strong></span> <span class='ocrx_word' id='word_1_436' title='bbox 2236 2664 2498 2721; x_wconf 79' lang='lat' dir='ltr'><strong>potentiam</strong></span> <span class='ocrx_word' id='word_1_437' title='bbox 2529 2675 2633 2706; x_wconf 76' lang='lat' dir='ltr'><strong>esse</strong></span> 
     </span>
     <span class='ocr_line' id='line_1_37' title="bbox 291 2732 2633 2793; baseline -0 -16"><span class='ocrx_word' id='word_1_438' title='bbox 291 2732 524 2789; x_wconf 82' lang='lat' dir='ltr'><strong>probaret,</strong></span> <span class='ocrx_word' id='word_1_439' title='bbox 566 2732 615 2779; x_wconf 90' lang='lat' dir='ltr'><strong>id</strong></span> <span class='ocrx_word' id='word_1_440' title='bbox 653 2734 977 2791; x_wconf 88' lang='lat' dir='ltr'><strong>sophistarum</strong></span> <span class='ocrx_word' id='word_1_441' title='bbox 1023 2736 1110 2780; x_wconf 89' lang='lat' dir='ltr'><strong>arti</strong></span> <span class='ocrx_word' id='word_1_442' title='bbox 1157 2734 1316 2781; x_wconf 89' lang='lat' dir='ltr'><strong>deberi</strong></span> <span class='ocrx_word' id='word_1_443' title='bbox 1362 2750 1421 2780; x_wconf 92' lang='lat' dir='ltr'><strong>ne</strong></span> <span class='ocrx_word' id='word_1_444' title='bbox 1468 2735 1567 2781; x_wconf 90' lang='lat' dir='ltr'><strong>ullo</strong></span> <span class='ocrx_word' id='word_1_445' title='bbox 1617 2735 1805 2793; x_wconf 87' lang='lat' dir='ltr'><strong>quidem</strong></span> <span class='ocrx_word' id='word_1_446' title='bbox 1848 2742 1949 2792; x_wconf 89' lang='lat' dir='ltr'><strong>eget</strong></span> <span class='ocrx_word' id='word_1_447' title='bbox 1991 2740 2279 2791; x_wconf 84' lang='lat' dir='ltr'><strong>argumento.</strong></span> <span class='ocrx_word' id='word_1_448' title='bbox 2349 2733 2439 2779; x_wconf 87' lang='lat' dir='ltr'><strong>hoe</strong></span> <span class='ocrx_word' id='word_1_449' title='bbox 2485 2747 2633 2777; x_wconf 93' lang='lat' dir='ltr'><strong>unum</strong></span> 
     </span>
     <span class='ocr_line' id='line_1_38' title="bbox 294 2800 2635 2863; baseline -0.002 -17"><span class='ocrx_word' id='word_1_450' title='bbox 294 2800 699 2849; x_wconf 88' lang='lat' dir='ltr'><strong>animaduertatur</strong></span> <span class='ocrx_word' id='word_1_451' title='bbox 738 2818 841 2850; x_wconf 91' lang='lat' dir='ltr'><strong>eam</strong></span> <span class='ocrx_word' id='word_1_452' title='bbox 880 2806 1165 2850; x_wconf 88' lang='lat' dir='ltr'><strong>sententiam</strong></span> <span class='ocrx_word' id='word_1_453' title='bbox 1196 2806 1330 2850; x_wconf 90' lang='lat' dir='ltr'><strong>cuius</strong></span> <span class='ocrx_word' id='word_1_454' title='bbox 1371 2803 1644 2863; x_wconf 86' lang='lat' dir='ltr'><strong>probandae</strong></span> <span class='ocrx_word' id='word_1_455' title='bbox 1675 2819 1820 2850; x_wconf 86' lang='lat' dir='ltr'><strong>causa</strong></span> <span class='ocrx_word' id='word_1_456' title='bbox 1851 2805 2101 2851; x_wconf 87' lang='lat' dir='ltr'><strong>historiola</strong></span> <span class='ocrx_word' id='word_1_457' title='bbox 2138 2807 2331 2850; x_wconf 88' lang='lat' dir='ltr'><strong>inuenta</strong></span> <span class='ocrx_word' id='word_1_458' title='bbox 2363 2808 2455 2848; x_wconf 90' lang='lat' dir='ltr'><strong>est:</strong></span> <span class='ocrx_word' id='word_1_459' title='bbox 2498 2801 2531 2844; x_wconf 81' lang='grc' dir='ltr'><strong>εἰ</strong></span> <span class='ocrx_word' id='word_1_460' title='bbox 2562 2800 2635 2857; x_wconf 76' lang='grc' dir='ltr'><strong>γάρ</strong></span> 
     </span>
     <span class='ocr_line' id='line_1_39' title="bbox 291 2870 2635 2930; baseline -0 -18"><span class='ocrx_word' id='word_1_461' title='bbox 291 2887 344 2918; x_wconf 86' lang='grc' dir='ltr'><strong>τις</strong></span> <span class='ocrx_word' id='word_1_462' title='bbox 384 2870 549 2928; x_wconf 84' lang='grc' dir='ltr'><strong>προθείη</strong></span> <span class='ocrx_word' id='word_1_463' title='bbox 594 2877 709 2915; x_wconf 81' lang='grc' dir='ltr'><strong>πᾶσιν</strong></span> <span class='ocrx_word' id='word_1_464' title='bbox 750 2873 1005 2930; x_wconf 83' lang='grc' dir='ltr'><strong>ἀνθρώποισιν</strong></span> <span class='ocrx_word' id='word_1_465' title='bbox 1049 2873 1281 2922; x_wconf 76' lang='grc' dir='ltr'><strong>ἐκλέξασθαι</strong></span> <span class='ocrx_word' id='word_1_466' title='bbox 1324 2874 1495 2916; x_wconf 77' lang='grc' dir='ltr'><strong>κελεύων</strong></span> <span class='ocrx_word' id='word_1_467' title='bbox 1539 2873 1678 2929; x_wconf 83' lang='grc' dir='ltr'><strong>νόμους</strong></span> <span class='ocrx_word' id='word_1_468' title='bbox 1717 2874 1803 2921; x_wconf 80' lang='grc' dir='ltr'><strong>τοὺς</strong></span> <span class='ocrx_word' id='word_1_469' title='bbox 1843 2873 2067 2921; x_wconf 77' lang='grc' dir='ltr'><strong>καλλίστους</strong></span> <span class='ocrx_word' id='word_1_470' title='bbox 2107 2875 2151 2916; x_wconf 86' lang='grc' dir='ltr'><strong>ἑκ</strong></span> <span class='ocrx_word' id='word_1_471' title='bbox 2195 2876 2265 2915; x_wconf 85' lang='grc' dir='ltr'><strong>τῶν</strong></span> <span class='ocrx_word' id='word_1_472' title='bbox 2305 2871 2456 2914; x_wconf 77' lang='grc' dir='ltr'><strong>πάντων</strong></span> <span class='ocrx_word' id='word_1_473' title='bbox 2496 2870 2635 2925; x_wconf 81' lang='grc' dir='ltr'><strong>νόμων,</strong></span> 
     </span>
     <span class='ocr_line' id='line_1_40' title="bbox 290 2939 2634 2999; baseline -0 -17"><span class='ocrx_word' id='word_1_474' title='bbox 290 2939 592 2997; x_wconf 75' lang='grc' dir='ltr'><strong>διασκεψάμενοι</strong></span> <span class='ocrx_word' id='word_1_475' title='bbox 638 2939 684 2984; x_wconf 77' lang='grc' dir='ltr'><strong>ἄν</strong></span> <span class='ocrx_word' id='word_1_476' title='bbox 731 2941 883 2985; x_wconf 81' lang='grc' dir='ltr'><strong>ἑλοίατο</strong></span> <span class='ocrx_word' id='word_1_477' title='bbox 923 2944 1078 2986; x_wconf 83' lang='grc' dir='ltr'><strong>ἕκαστοι</strong></span> <span class='ocrx_word' id='word_1_478' title='bbox 1119 2943 1205 2991; x_wconf 76' lang='grc' dir='ltr'><strong>τοὺς</strong></span> <span class='ocrx_word' id='word_1_479' title='bbox 1245 2944 1416 2986; x_wconf 81' lang='grc' dir='ltr'><strong>ἑωυτῶν·</strong></span> <span class='ocrx_word' id='word_1_480' title='bbox 1458 2941 1560 2986; x_wconf 75' lang='grc' dir='ltr'><strong>οὕτω</strong></span> <span class='ocrx_word' id='word_1_481' title='bbox 1609 2942 1801 2999; x_wconf 70' lang='grc' dir='ltr'><strong>νομίζουσι</strong></span> <span class='ocrx_word' id='word_1_482' title='bbox 1842 2943 1981 2986; x_wconf 76' lang='grc' dir='ltr'><strong>πολλόν</strong></span> <span class='ocrx_word' id='word_1_483' title='bbox 2019 2961 2052 2985; x_wconf 87' lang='grc' dir='ltr'><strong>τι</strong></span> <span class='ocrx_word' id='word_1_484' title='bbox 2091 2941 2316 2989; x_wconf 79' lang='grc' dir='ltr'><strong>καλλίστους</strong></span> <span class='ocrx_word' id='word_1_485' title='bbox 2356 2940 2445 2988; x_wconf 74' lang='grc' dir='ltr'><strong>τοὺς</strong></span> <span class='ocrx_word' id='word_1_486' title='bbox 2482 2942 2634 2983; x_wconf 83' lang='grc' dir='ltr'><strong>ἑωυτῶν</strong></span> 
     </span>
     <span class='ocr_line' id='line_1_41' title="bbox 290 3008 2636 3070; baseline -0.002 -12"><span class='ocrx_word' id='word_1_487' title='bbox 290 3008 428 3065; x_wconf 74' lang='grc' dir='ltr'><strong>νόμους</strong></span> <span class='ocrx_word' id='word_1_488' title='bbox 469 3010 622 3053; x_wconf 80' lang='grc' dir='ltr'><strong>ἕκαστοι</strong></span> <span class='ocrx_word' id='word_1_489' title='bbox 663 3010 772 3062; x_wconf 83' lang='grc' dir='ltr'><strong>εἶναι,</strong></span> <span class='ocrx_word' id='word_1_490' title='bbox 813 3011 982 3058; x_wconf 88' lang='lat' dir='ltr'><strong>iisdem</strong></span> <span class='ocrx_word' id='word_1_491' title='bbox 1024 3013 1117 3058; x_wconf 87' lang='lat' dir='ltr'><strong>fere</strong></span> <span class='ocrx_word' id='word_1_492' title='bbox 1159 3014 1318 3059; x_wconf 89' lang='lat' dir='ltr'><strong>uerbis</strong></span> <span class='ocrx_word' id='word_1_493' title='bbox 1359 3012 1442 3058; x_wconf 86' lang='lat' dir='ltr'><strong>sed</strong></span> <span class='ocrx_word' id='word_1_494' title='bbox 1479 3015 1622 3058; x_wconf 87' lang='lat' dir='ltr'><strong>etiam</strong></span> <span class='ocrx_word' id='word_1_495' title='bbox 1655 3015 1838 3058; x_wconf 87' lang='lat' dir='ltr'><strong>acutius</strong></span> <span class='ocrx_word' id='word_1_496' title='bbox 1870 3018 2145 3070; x_wconf 83' lang='lat' dir='ltr'><strong>conceptam</strong></span> <span class='ocrx_word' id='word_1_497' title='bbox 2175 3016 2333 3057; x_wconf 87' lang='lat' dir='ltr'><strong>extare</strong></span> <span class='ocrx_word' id='word_1_498' title='bbox 2368 3013 2418 3056; x_wconf 93' lang='lat' dir='ltr'><strong>in</strong></span> <span class='ocrx_word' id='word_1_499' title='bbox 2450 3023 2549 3055; x_wconf 89' lang='lat' dir='ltr'><strong>una</strong></span> <span class='ocrx_word' id='word_1_500' title='bbox 2578 3023 2636 3055; x_wconf 87' lang='lat' dir='ltr'><strong>ex</strong></span> 
     </span>
     <span class='ocr_line' id='line_1_42' title="bbox 290 3077 2635 3142; baseline -0 -17"><span class='ocrx_word' id='word_1_501' title='bbox 290 3077 389 3126; x_wconf 90' lang='lat' dir='ltr'><strong>illis</strong></span> <span class='ocrx_word' id='word_1_502' title='bbox 421 3078 844 3139; x_wconf 87' lang='lat' dir='ltr'><strong>disputatiunculis</strong></span> <span class='ocrx_word' id='word_1_503' title='bbox 877 3096 994 3141; x_wconf 89' lang='lat' dir='ltr'><strong>quas</strong></span> <span class='ocrx_word' id='word_1_504' title='bbox 1026 3084 1162 3139; x_wconf 79' lang='lat' dir='ltr'><strong>initio</strong></span> <span class='ocrx_word' id='word_1_505' title='bbox 1195 3081 1374 3129; x_wconf 90' lang='lat' dir='ltr'><strong>saeculi</strong></span> <span class='ocrx_word' id='word_1_506' title='bbox 1404 3083 1558 3142; x_wconf 85' lang='lat' dir='ltr'><strong>quarti</strong></span> <span class='ocrx_word' id='word_1_507' title='bbox 1590 3082 1806 3141; x_wconf 88' lang='lat' dir='ltr'><strong>sophista</strong></span> <span class='ocrx_word' id='word_1_508' title='bbox 1837 3081 2044 3140; x_wconf 84' lang='lat' dir='ltr'><strong>quidam,</strong></span> <span class='ocrx_word' id='word_1_509' title='bbox 2084 3083 2134 3128; x_wconf 91' lang='lat' dir='ltr'><strong>ni</strong></span> <span class='ocrx_word' id='word_1_510' title='bbox 2172 3080 2313 3128; x_wconf 87' lang='lat' dir='ltr'><strong>fallor</strong></span> <span class='ocrx_word' id='word_1_511' title='bbox 2341 3078 2635 3130; x_wconf 71' lang='lat' dir='ltr'><strong>Heracleota,</strong></span> 
     </span>
     <span class='ocr_line' id='line_1_43' title="bbox 291 3149 2633 3211; baseline -0.002 -16"><span class='ocrx_word' id='word_1_512' title='bbox 291 3149 491 3197; x_wconf 79' lang='lat' dir='ltr'><strong>dialecto</strong></span> <span class='ocrx_word' id='word_1_513' title='bbox 522 3149 695 3197; x_wconf 80' lang='lat' dir='ltr'><strong>Dorica</strong></span> <span class='ocrx_word' id='word_1_514' title='bbox 725 3154 1006 3211; x_wconf 77' lang='lat' dir='ltr'><strong>conscripsit</strong></span> <span class='ocrx_word' id='word_1_515' title='bbox 1040 3153 1105 3211; x_wconf 90' lang='lat' dir='ltr'><strong>[p.</strong></span> <span class='ocrx_word' id='word_1_516' title='bbox 1139 3155 1224 3199; x_wconf 81' lang='lat'><strong>216</strong></span> <span class='ocrx_word' id='word_1_517' title='bbox 1256 3152 1380 3207; x_wconf 80' lang='lat' dir='ltr'><strong>Or.]:</strong></span> <span class='ocrx_word' id='word_1_518' title='bbox 1425 3152 1533 3209; x_wconf 80' lang='grc' dir='ltr'><strong>οἶμαι</strong></span> <span class='ocrx_word' id='word_1_519' title='bbox 1563 3151 1593 3194; x_wconf 75' lang='grc' dir='ltr'><strong>δ’</strong></span> <span class='ocrx_word' id='word_1_520' title='bbox 1629 3150 1673 3195; x_wconf 78' lang='grc' dir='ltr'><strong>αἴ</strong></span> <span class='ocrx_word' id='word_1_521' title='bbox 1699 3151 1748 3194; x_wconf 79' lang='grc' dir='ltr'><strong>κοί</strong></span> <span class='ocrx_word' id='word_1_522' title='bbox 1779 3168 1834 3199; x_wconf 84' lang='grc' dir='ltr'><strong>τις</strong></span> <span class='ocrx_word' id='word_1_523' title='bbox 1864 3152 1910 3194; x_wconf 76' lang='grc' dir='ltr'><strong>τα</strong></span> <span class='ocrx_word' id='word_1_524' title='bbox 1941 3152 2044 3194; x_wconf 74' lang='grc' dir='ltr'><strong>καλοὶ</strong></span> <span class='ocrx_word' id='word_1_525' title='bbox 2076 3152 2128 3199; x_wconf 81' lang='grc' dir='ltr'><strong>εἰς</strong></span> <span class='ocrx_word' id='word_1_526' title='bbox 2159 3151 2201 3193; x_wconf 72' lang='grc' dir='ltr'><strong>’ἑν</strong></span> <span class='ocrx_word' id='word_1_527' title='bbox 2231 3150 2389 3206; x_wconf 73' lang='grc' dir='ltr'><strong>κελεόηι</strong></span> <span class='ocrx_word' id='word_1_528' title='bbox 2422 3150 2633 3192; x_wconf 79' lang='grc' dir='ltr'><strong>συνενεῖκαι</strong></span> 
     </span>
     <span class='ocr_line' id='line_1_44' title="bbox 287 3217 2635 3279; baseline 0 -17"><span class='ocrx_word' id='word_1_529' title='bbox 287 3219 432 3268; x_wconf 74' lang='grc' dir='ltr'><strong>πάντας</strong></span> <span class='ocrx_word' id='word_1_530' title='bbox 461 3218 676 3277; x_wconf 80' lang='grc' dir='ltr'><strong>ἀνθρώπως</strong></span> <span class='ocrx_word' id='word_1_531' title='bbox 705 3218 731 3263; x_wconf 84' lang='grc' dir='ltr'><em>ἃ</em></span> <span class='ocrx_word' id='word_1_532' title='bbox 762 3222 917 3264; x_wconf 82' lang='grc' dir='ltr'><strong>ἕκαστοι</strong></span> <span class='ocrx_word' id='word_1_533' title='bbox 946 3221 1146 3278; x_wconf 70' lang='grc' dir='ltr'><strong>νομίζοντι,</strong></span> <span class='ocrx_word' id='word_1_534' title='bbox 1185 3221 1250 3265; x_wconf 90' lang='grc' dir='ltr'><strong>καὶ</strong></span> <span class='ocrx_word' id='word_1_535' title='bbox 1289 3221 1404 3265; x_wconf 72' lang='grc' dir='ltr'><strong>πάλιν</strong></span> <span class='ocrx_word' id='word_1_536' title='bbox 1434 3224 1473 3271; x_wconf 79' lang='grc' dir='ltr'><strong>ἐξ</strong></span> <span class='ocrx_word' id='word_1_537' title='bbox 1500 3221 1675 3279; x_wconf 80' lang='grc' dir='ltr'><strong>ἀθρόων·</strong></span> <span class='ocrx_word' id='word_1_538' title='bbox 1692 3221 1775 3277; x_wconf 83' lang='grc' dir='ltr'><strong>[τοι]</strong></span> <span class='ocrx_word' id='word_1_539' title='bbox 1805 3222 1850 3263; x_wconf 69' lang='grc' dir='ltr'><strong>τὰ</strong></span> <span class='ocrx_word' id='word_1_540' title='bbox 1892 3222 2035 3278; x_wconf 69' lang='grc' dir='ltr'><strong>αἰσχροὶ</strong></span> <span class='ocrx_word' id='word_1_541' title='bbox 2067 3220 2184 3277; x_wconf 73' lang='grc' dir='ltr'><strong>λαβὲν</strong></span> <span class='ocrx_word' id='word_1_542' title='bbox 2215 3218 2241 3263; x_wconf 79' lang='grc' dir='ltr'>ἃ</span> <span class='ocrx_word' id='word_1_543' title='bbox 2274 3221 2429 3263; x_wconf 78' lang='grc' dir='ltr'><strong>ἕκαστοι</strong></span> <span class='ocrx_word' id='word_1_544' title='bbox 2459 3217 2635 3275; x_wconf 72' lang='grc' dir='ltr'><strong>ἅγηνται,</strong></span> 
     </span>
     <span class='ocr_line' id='line_1_45' title="bbox 290 3286 1557 3350; baseline 0.001 -18"><span class='ocrx_word' id='word_1_545' title='bbox 290 3286 403 3333; x_wconf 74' lang='grc' dir='ltr'><strong>οὐδέν</strong></span> <span class='ocrx_word' id='word_1_546' title='bbox 428 3289 542 3346; x_wconf 86' lang='grc' dir='ltr'><strong>(κα)</strong></span> <span class='ocrx_word' id='word_1_547' title='bbox 568 3292 873 3350; x_wconf 76' lang='grc' dir='ltr'><strong>καλλειιρθῆμεν,</strong></span> <span class='ocrx_word' id='word_1_548' title='bbox 904 3290 1007 3336; x_wconf 75' lang='grc' dir='ltr'><strong>ἀλλὰ</strong></span> <span class='ocrx_word' id='word_1_549' title='bbox 1037 3291 1181 3340; x_wconf 82' lang='grc' dir='ltr'><strong>πάντας</strong></span> <span class='ocrx_word' id='word_1_550' title='bbox 1211 3291 1336 3336; x_wconf 77' lang='grc' dir='ltr'><strong>πάντα</strong></span> <span class='ocrx_word' id='word_1_551' title='bbox 1365 3291 1557 3350; x_wconf 79' lang='grc' dir='ltr'><strong>διαλαβὲν.</strong></span> 
     </span>
    </p>

    <p class='ocr_par' dir='ltr' id='par_1_9' title="bbox 292 3360 2641 3492">
     <span class='ocr_line' id='line_1_46' title="bbox 498 3360 2640 3418; baseline 0.002 -11"><span class='ocrx_word' id='word_1_552' title='bbox 498 3360 605 3416; x_wconf 83' lang='lat' dir='ltr'><strong>Qua</strong></span> <span class='ocrx_word' id='word_1_553' title='bbox 633 3363 816 3409; x_wconf 84' lang='lat' dir='ltr'><strong>ratione</strong></span> <span class='ocrx_word' id='word_1_554' title='bbox 846 3361 1045 3409; x_wconf 85' lang='lat' dir='ltr'><strong>Deioces</strong></span> <span class='ocrx_word' id='word_1_555' title='bbox 1077 3377 1135 3408; x_wconf 87' lang='lat' dir='ltr'><strong>ex</strong></span> <span class='ocrx_word' id='word_1_556' title='bbox 1173 3376 1367 3408; x_wconf 90' lang='lat' dir='ltr'><strong>munere</strong></span> <span class='ocrx_word' id='word_1_557' title='bbox 1406 3362 1574 3408; x_wconf 88' lang='lat' dir='ltr'><strong>iudicis</strong></span> <span class='ocrx_word' id='word_1_558' title='bbox 1617 3366 1772 3407; x_wconf 87' lang='lat' dir='ltr'><strong>astute</strong></span> <span class='ocrx_word' id='word_1_559' title='bbox 1810 3360 2035 3407; x_wconf 87' lang='lat' dir='ltr'><strong>fiduciam</strong></span> <span class='ocrx_word' id='word_1_560' title='bbox 2071 3364 2227 3418; x_wconf 85' lang='lat' dir='ltr'><strong>gentis</strong></span> <span class='ocrx_word' id='word_1_561' title='bbox 2259 3375 2374 3407; x_wconf 87' lang='lat' dir='ltr'><strong>suae</strong></span> <span class='ocrx_word' id='word_1_562' title='bbox 2404 3363 2640 3411; x_wconf 70' lang='lat' dir='ltr'><strong>meruerit.</strong></span> 
     </span>
     <span class='ocr_line' id='line_1_47' title="bbox 292 3431 2641 3492; baseline 0 -16"><span class='ocrx_word' id='word_1_563' title='bbox 292 3432 619 3487; x_wconf 82' lang='lat' dir='ltr'><strong>auctoritatem</strong></span> <span class='ocrx_word' id='word_1_564' title='bbox 665 3431 1003 3492; x_wconf 88' lang='lat' dir='ltr'><strong>pedetemptim</strong></span> <span class='ocrx_word' id='word_1_565' title='bbox 1045 3435 1394 3492; x_wconf 74' lang='lat' dir='ltr'><strong>propagauerit,</strong></span> <span class='ocrx_word' id='word_1_566' title='bbox 1436 3432 1495 3479; x_wconf 91' lang='lat' dir='ltr'><strong>ad</strong></span> <span class='ocrx_word' id='word_1_567' title='bbox 1536 3431 1909 3480; x_wconf 86' lang='lat' dir='ltr'><strong>dominationem</strong></span> <span class='ocrx_word' id='word_1_568' title='bbox 1950 3434 2230 3491; x_wconf 82' lang='lat' dir='ltr'><strong>peruenerit,</strong></span> <span class='ocrx_word' id='word_1_569' title='bbox 2273 3432 2477 3491; x_wconf 87' lang='lat' dir='ltr'><strong>denique</strong></span> <span class='ocrx_word' id='word_1_570' title='bbox 2517 3433 2641 3479; x_wconf 85' lang='lat' dir='ltr'><strong>hanc</strong></span> 
     </span>
    </p>
   </div>
  </div>
 </body>
</html>
