2953 3847
2586 119 2641 164 15

289 260 476 312 uindex·
499 263 581 311 ille
612 262 900 319 Protagorae
941 277 1042 310 eam
1085 260 1520 321 interpretationem
1560 260 1890 319 proposuisset
1931 264 1983 306 ut
2015 257 2300 316 Protagoras
2332 272 2429 305 non
2460 264 2638 311 contra,

289 332 373 381 sed
402 347 488 393 pro
510 333 692 380 artibus
725 331 996 391 disputasse
1027 332 1269 379 diceretur.
1323 345 1415 389 qua
1447 332 1497 376 in
1529 332 1929 388 interpretatione,
1962 335 2015 374 ut
2036 334 2220 374 taceam
2248 327 2305 373 de
2334 336 2634 387 argumenta·

289 405 433 450 tionis
466 417 650 450 conexu
682 408 728 449 et
759 402 816 448 de
837 402 1110 449 Aristotelis
1141 403 1430 454 testimonio,
1461 414 1612 458 neque
1644 399 1758 442 αὐτόν
1789 400 1947 445 locum
1978 400 2126 446 habet
2155 413 2307 458 neque
2329 401 2509 454 ἓκαστον;
2542 416 2637 447 una

287 475 414 519 enim
445 478 519 519 est
548 487 624 518 ars
656 472 1036 529 antilogicorum,
1067 486 1164 518 non
1195 472 1385 518 multae.
1439 470 1552 527 quid
1575 470 1656 516 ille
1677 469 1733 527 [p.
1757 470 1884 526 1821?
1933 470 2077 522 „Dass
2106 471 2253 524 iryend
2270 470 2454 512 Jemand
2480 472 2640 525 darauf

286 541 486 595 verfailen
513 542 674 594 konnte,
707 542 854 585 Platos
891 541 1032 585 Worte
1061 541 1212 584 anders
1245 553 1299 583 zu
1337 540 1495 589 (lenden,
1536 539 1622 580 dies
1650 553 1740 581 war
1778 540 1861 581 mir
1889 539 1975 593 (ich
2002 539 2159 593 qestehe
2186 541 2249 594 es)
2280 540 2453 582 nkmals
2482 542 2529 583 in
2559 541 2635 583 den

285 610 395 654 Sinn
411 611 653 666 yelcommen.
693 612 833 654 Allein
852 610 1192 654 Schlciermacher
1213 610 1303 652 und
1323 608 1600 661 Hieronynms
1622 608 1790 659 Μᾱῑίεν,
1810 609 2017 662 Heindorf
2042 609 2132 650 veo-ul
2148 608 2382 651 Stallbaum
2403 611 2635 653 vibersetzen

285 680 376 723 und
403 680 592 724 erkldrcn
621 681 699 723 den
729 683 863 724 ersten
889 679 990 723 Sata
1019 680 1066 721 in
1095 679 1167 721 der
1199 678 1311 721 Thai
1338 691 1394 727 so,
1426 676 1489 718 als
1519 676 1566 717 ob
1594 689 1701 730 ymo-2
1731 677 1881 719 andere
1916 677 2055 720 Wortc
2084 691 2156 719 vor
2184 692 2265 720 uns
2292 679 2470 722 stanam
2501 714 2510 722 .
2541 713 2551 722 .
2585 715 2593 722 .
2626 719 2635 728 ,

287 748 371 792 Die
399 751 620 805 vereiniyte
649 750 866 793 Autan-atat
895 749 1025 791 dieser
1055 748 1241 791 Md'mner
1269 749 1423 789 miisste
1450 759 1531 787 ww
1562 745 1801 798 imponiren,
1839 760 1958 789 wcnn
1987 746 2094 788 auch
2122 761 2206 789 mor
2235 746 2370 791 Einer
2398 764 2477 793 von
2507 750 2633 793 ihnen

286 817 364 860 den
393 818 578 862 leisesten
615 818 792 862 Vcrsuch
818 817 1002 873 yemcwht
1031 818 1154 869 britte,
1194 816 1305 858 scine
1334 814 1572 870 Auslcynny
1607 828 1660 857 zu
1695 814 1991 869 rechtfcrtiyen.
2052 815 2195 858 Allein
2223 817 2359 860 nichts
2390 817 2633 874 Derartiyes

286 888 341 930 ist
367 888 598 942 geschehen.
659 887 749 931 Der
786 887 1103 942 Sophistenhass
1140 886 1212 929 hat
1250 886 1339 927 hier
1377 885 1456 926 den
1486 884 1741 938 Interprcten
1775 884 1953 938 yespielt,
1994 885 2084 926 und
2120 885 2186 927 (lie
2228 885 2494 930 Grammatik
2521 888 2634 932 hatte

284 958 361 1001 das
385 958 633 1002 Nachselm!
678 957 793 1001 Dass
823 957 852 999 «ἲ
883 957 945 1000 δεῖ
975 955 1085 1014 πρὸς
1116 961 1299 999 ἕκαστον
1329 952 1461 997 αὐτὸν
1494 952 1570 996 τὸν
1601 951 1872 1010 δη,ιιιοινργὸν
1903 952 2119 996 driu-um
2149 969 2193 997 so
2223 955 2303 998 viel
2332 957 2385 999 ist
2414 957 2479 1000 als
2509 958 2538 1000 ἂ
2569 958 2632 1001 δεῖ

285 1026 421 1070 αὑτὸν
445 1027 524 1070 τὸν
555 1026 826 1085 δημιουργὸν
857 1027 1071 1069 ἀντειπεῖν
1102 1025 1213 1081 πρὸς
1244 1030 1440 1075 ἕκαστον,
1481 1039 1578 1066 wem
1618 1023 1790 1066 braucht
1826 1039 1924 1065 man·
1964 1025 2040 1066 das
2073 1039 2124 1066 zu
2162 1026 2318 1079 sayen?
2361 1025 2497 1069 αὐτὸν
2526 1029 2634 1071 wird

277 1098 423 1152 jcdoch
451 1099 498 1141 in
518 1099 646 1153 jenen
683 1098 1025 1153 Ueberseteunyen
1061 1096 1226 1150 einfach
1255 1096 1319 1138 als
1347 1095 1460 1138 nicht
1498 1094 1733 1137 voi-handen
1773 1093 2004 1145 benachtet,
2044 1094 2134 1137 und
2169 1095 2235 1138 die
2263 1095 2467 1140 Erkliirer
2494 1099 2628 1154 zce‘yen

281 1180 405 1219 ewar,
438 1168 514 1211 wie
542 1169 602 1210 sie
631 1168 698 1209 die
725 1167 849 1210 Stella
875 1159 1123 1227 vmfigta‘nam,
1150 1166 1297 1207 wissen
1326 1164 1481 1215 wollen,
1516 1163 1733 1206 verratlwn
1762 1163 1860 1205 aber
1889 1164 1964 1205 mit
2003 1164 2161 1206 kcivwm
2200 1164 2338 1207 Worte
2378 1167 2466 1209 ihre
2492 1182 2629 1221 yram-

282 1237 477 1279 mate'sche
505 1237 766 1291 Auffasstmy
794 1237 918 1278 dea-sel
997 1244 1042 1280 ,.“
1099 1240 1205 1292 ipsa
1234 1235 1381 1280 uerba
1410 1235 1652 1291 exscripsi,
1684 1248 1742 1278 ne
1774 1231 2053 1279 calumniari
2083 1234 2256 1279 uidear.

489 1307 649 1352 Pauca
706 1305 873 1352 addam
930 1306 986 1351 de
1052 1305 1169 1350 locis
1228 1302 1515 1362 quibusdam
1575 1304 1728 1360 ipsius
1779 1301 1933 1348 libelli
1991 1317 2111 1360 quos
2162 1303 2312 1350 editor
2363 1320 2458 1352 non
2508 1312 2629 1353 recte

282 1378 515 1422 tractauit.
587 1377 636 1420 in
677 1374 771 1420 fine
806 1359 1055 1436 prooemii?
1084 1375 1195 1422 haec
1235 1373 1460 1429 leguntur
1502 1372 1566 1429 [p.
1601 1374 1671 1424 42,
1707 1370 1804 1425 12].
1858 1371 1945 1418 τοὺς
1977 1371 2046 1426 μὲν
2076 1369 2142 1415 οὖν
2173 1374 2212 1421 ἐς
2242 1373 2309 1421 τὰς
2341 1371 2462 1424 ἄλλοις
2491 1376 2628 1434 τέχνας

280 1444 419 1487 τούτωι
448 1449 514 1488 τῶι
559 1444 703 1501 τρόπωι
741 1442 990 1500 ἐμπίπτοντας
1015 1436 1120 1489 (οῖσι
1159 1444 1267 1500 μέλει
1310 1458 1352 1484 τε
1387 1439 1451 1484 καὶ
1496 1438 1544 1483 ὧν
1583 1440 1692 1497 με’λει
1730 1439 1780 1496 [οἱ
1811 1439 2029 1497 δυνάμενοι]
2060 1441 2310 1486 κωλυόντων·
2353 1443 2373 1486 ὁ
2405 1443 2448 1487 δὲ
2479 1446 2628 1502 παρεὼν

281 1513 393 1570 λόγος
428 1515 506 1561 τοῖς
549 1515 588 1562 ἐς
634 1513 807 1571 impr-gip
846 1496 1184 1571 ἑπιπορευᾷμένοις
1223 1508 1365 1567 [οὕτωσ
1405 1510 1729 1568 ἐμπορευομένοισ
1767 1509 1824 1567 Μ]
1877 1510 2155 1553 ἐναντιώσεται.
2231 1510 2353 1561 οὕτως
2394 1519 2517 1563 recte
2566 1516 2625 1561 ab

281 1582 459 1631 editore
497 1582 798 1642 repudiatum
838 1588 921 1636 est,
967 1583 1049 1627 sed
1072 1581 1217 1628 ·.i’also
1260 1580 1577 1637 ἐμπορευομένοις
1618 1584 1857 1637 receptum
1899 1580 2026 1637 quod
2068 1582 2359 1628 uocabulum
2398 1585 2500 1629 siue
2538 1587 2626 1630 iter

280 1653 429 1698 facere
461 1655 563 1699 siue
595 1654 827 1708 negotiari
857 1651 1109 1709 signifieat,
1151 1650 1211 1697 ad
1242 1653 1484 1697 notionem
1524 1649 1783 1695 cauillandi
1825 1650 2033 1696 uexandi
2074 1651 2343 1698 insultandi
2383 1654 2625 1700 transferri

281 1724 455 1779 nequit.
528 1722 656 1780 quod
699 1737 810 1769 uero
851 1723 1030 1781 optimo
1070 1720 1228 1766 codice
1260 1721 1305 1766 A
1346 1719 1560 1772 traditur,
1598 1719 1943 1775 ἐπιπορευομένοις,
1985 1735 2043 1765 ne
2081 1721 2172 1767 hoc
2214 1721 2406 1779 quidem
2445 1727 2624 1769 seruari

279 1795 461 1848 potest;
522 1806 674 1850 neque
721 1794 846 1836 enim
892 1790 949 1836 de
996 1792 1162 1835 itinere
1206 1804 1289 1847 per
1343 1791 1581 1845 regionem
1635 1787 1873 1845 quandam
1924 1789 2137 1836 faciendo
2185 1792 2353 1846 agitur.
2434 1795 2625 1851 scripsit

280 1860 501 1919 sophista
530 1861 933 1918 ὲμπερπερευομένοις.
1002 1859 1129 1918 quod
1160 1864 1403 1904 uetustum
1436 1863 1482 1903 et
1510 1860 1769 1914 genuinum
1801 1861 2032 1905 sermonis
2069 1860 2219 1906 Ionici
2250 1862 2540 1909 uocabulum
2572 1869 2627 1909 ut

279 1929 432 1974 multa
463 1929 558 1975 alia
590 1932 640 1974 in
672 1945 936 1976 sermonem
980 1929 1223 1985 uolgarem
1263 1930 1430 1974 aetatis
1472 1929 1755 1979 recentioris,
1796 1931 1845 1973 ni
1887 1928 2026 1974 fallor
2057 1943 2084 1973 a
2113 1931 2382 1977 rhetoribus
2414 1934 2625 1982 Asianis,

280 2013 414 2058 recep
554 2004 638 2059 est,
668 2004 721 2045 ut
752 1998 912 2045 Cicero
945 2001 993 2045 in
1025 1998 1410 2045 confabulatione
1446 1995 1667 2043 familiari
1703 2011 1809 2043 cum
1840 1998 1999 2045 Attico
2032 2012 2084 2044 eo
2117 2013 2235 2046 usus
2268 2006 2341 2046 est
2375 2001 2419 2057 [I
2453 2006 2519 2054 14,
2550 2002 2622 2057 41:

278 2083 347 2124 eqo
376 2083 435 2112 au·
554 2065 659 2127 ipse,
684 2068 728 2111 di
756 2068 872 2112 boni!
915 2083 995 2124 quo
1024 2068 1139 2112 modo
1170 2064 1609 2123 ἐιέπερπιερευσὰμην
1638 2079 1743 2110 nouo
1773 2067 1955 2111 auditori
1985 2068 2202 2123 Pompeio!
2243 2071 2282 2112 si
2310 2084 2493 2125 unquam
2522 2072 2625 2114 milei

276 2136 496 2193 περίοδοι,ῥ
516 2136 777 2212 ὶῄιυιμπαί,
810 2138 849 2181 si
878 2136 1193 2193 ἐνθυμήματα,
1227 2138 1265 2180 si
1294 2137 1553 2180 κατασκευαὶ
1582 2137 1958 2192 sufflammat,
1995 2138 2064 2181 illo
2094 2142 2269 2193 tempore
2299 2146 2344 2187 et
2374 2140 2620 2198 Epictetus

277 2205 528 2258 dictionem
584 2212 875 2266 incomptam
927 2212 973 2252 et
1028 2206 1270 2253 sordidam
1316 2206 1542 2252 affectans
1590 2206 1802 2254 studiose
1849 2209 2044 2265 arripuit
2093 2209 2160 2263 [II
2203 2214 2241 2261 1,
2282 2210 2385 2265 34]:
2443 2209 2508 2252 καὶ
2557 2215 2622 2253 νῦν

275 2283 414 2344 καιρρῦ
451 2272 656 2327 καλά’ῦντος
695 2277 823 2319 ἐκεῖνα
859 2276 993 2324 δείξεις
1033 2277 1206 2319 ἐπελθὼν
1245 2275 1310 2318 καὶ
1351 2276 1566 2332 ἀναγνώσηι
1605 2276 1670 2318 καὶ
1709 2277 2030 2332 ἐμπερπερεόσηις
2076 2303 2132 2307 -
2180 2279 2265 2320 ἰδοὺ
2305 2283 2383 2325 πῶς
2417 2280 2619 2335 διαλόγους

279 2345 490 2405 συντίθημι.
520 2370 579 2379 -1-
610 2346 684 2402 μὴ,
716 2343 910 2403 ἄνθρωπε,
953 2345 1035 2389 ἀλλ’
1071 2348 1199 2389 ἐκεῖνα
1230 2349 1376 2402 μᾶλλον
1405 2349 1484 2388 κτλ.

335 2408 336 2411 ¹
479 2432 522 2474 p.
557 2418 628 2466 44,
662 2419 683 2458 l
727 2415 951 2470 γινώσκεται
981 2414 1104 2455 τοίνυν
1143 2415 1428 2470 δεδιδαγμένων
1463 2417 1552 2471 [ita
1582 2416 1628 2460 A
1658 2418 1927 2467 rectissime,
1968 2417 2220 2470 δεδειγμένων
2266 2417 2338 2471 Μ]
2389 2415 2473 2472 εἴδη
2520 2414 2618 2473 [ἤδη

277 2482 433 2536 codd]
479 2489 553 2526 τῶν
590 2484 759 2539 τεχνέων
795 2482 861 2524 καὶ
901 2482 1065 2538 οὐδεμία
1102 2482 1202 2525 ἐστὶν
1237 2482 1264 2538 ἦ
1303 2500 1348 2539 γε
1387 2483 1431 2526 ἔκ
1466 2501 1563 2531 τινος
1603 2482 1723 2530 εἴδεος
1758 2482 1832 2540 οὐχ
1871 2482 2017 2539 ὁρᾶται.
2075 2487 2348 2539 grauissimi
2386 2489 2615 2532 momenti

274 2555 347 2595 est
391 2556 445 2596 ut
486 2541 776 2597 uocabulum
822 2550 922 2599 εἶδος
967 2557 1089 2597 recte
1135 2552 1406 2609 explicetur.
1485 2559 1529 2597 et
1576 2551 1675 2600 εἶδος
1721 2558 1766 2596 et
1787 2552 1890 2606 -ἰὸἑη
1938 2553 2173 2598 uocabula
2206 2553 2378 2600 Ionum
2423 2557 2616 2613 propria

274 2619 420 2665 fuisse
476 2620 708 2666 uidentur.
789 2626 910 2666 certe
964 2625 1172 2668 oratores
1229 2622 1378 2667 Attici
1429 2624 1488 2666 iis
1536 2635 1634 2667 non
1682 2626 1881 2667 utuntur
1925 2627 2105 2679 praeter
2153 2621 2424 2676 Isocratem,
2476 2638 2614 2681 quem

272 2693 431 2735 tamen
489 2689 606 2736 haec
657 2689 894 2737 uocabula
953 2705 1010 2736 ex
1069 2690 1311 2737 rhetorum
1361 2691 1631 2737 lonicorum
1691 2689 1942 2749 disciplina
1992 2693 2254 2750 sumpsisse
2305 2698 2506 2746 constat,
2567 2699 2613 2739 et

272 2758 563 2815 singularem
609 2759 844 2818 quendam
887 2760 1046 2807 locum
1076 2760 1357 2813 Aeschinis;
1403 2762 1675 2818 ubicunque
1723 2762 1779 2807 ab
1827 2760 2146 2818 Aristophane
2191 2768 2451 2820 ponuntur,
2496 2764 2616 2810 mihi

273 2827 464 2886 quidem
495 2829 693 2887 pai-odia
720 2830 867 2878 latere
897 2829 1096 2876 uidetur.
1159 2829 1453 2887 significatur
1484 2835 1683 2889 utroque
1715 2829 1762 2875 id
1794 2830 1919 2889 quod
1952 2830 2195 2877 oculorum
2227 2834 2356 2878 uisui
2386 2833 2617 2884 subiacet,

272 2899 341 2942 ita
385 2902 440 2944 ut
485 2901 640 2956 specie
686 2904 896 2952 externa,
942 2899 1105 2952 forma,
1152 2899 1306 2956 figura
1350 2901 1470 2945 uerti
1515 2902 1669 2958 possit
1710 2902 1996 2958 saepissime.
2066 2899 2159 2945 Sed
2206 2902 2444 2959 quomodo
2491 2908 2614 2949 artes

272 2965 424 3012 oculis
464 2970 732 3025 apparent?
803 2973 885 3013 aut
926 2967 1067 3013 ualde
1105 2967 1245 3013 fallor
1284 2973 1367 3014 aut
1412 2970 1479 3014 ita
1519 2974 1573 3013 ut
1617 2983 1699 3027 per
1732 2973 1853 3013 artes
1898 2983 2059 3013 omnes
2108 2984 2250 3027 opera
2292 2970 2414 3016 fiant
2451 2973 2614 3017 cuius-

271 3049 360 3092 que
410 3039 604 3095 propria
648 3042 694 3082 et
746 3037 970 3083 uisibilia.
1063 3035 1147 3098 εἴὸῃ
1198 3040 1342 3094 igitur
1389 3041 1458 3080 τῶν
1509 3038 1678 3094 τεχνέων
1726 3044 1839 3082 sunt
1892 3040 2064 3089 artium
2122 3053 2219 3084 non
2276 3041 2478 3097 species,
2532 3040 2616 3085 sed

270 3107 530 3161 specimina
575 3111 621 3150 et
667 3105 792 3151 idem
839 3106 933 3151 fere
974 3107 1138 3151 ualent
1178 3113 1319 3165 atque
1363 3108 1410 3149 τὰ
1448 3111 1518 3148 τῶν
1556 3110 1696 3164 τεχνῶν
1732 3105 2026 3162 παραδείγματα
2065 3107 2143 3152 uel
2175 3110 2318 3154 etiam
2347 3108 2458 3166 ἔργα,
2489 3112 2614 3155 Sicut

268 3175 370 3230 ipse
416 3174 493 3222 hie
539 3174 760 3233 sophista
807 3174 921 3221 dicit
969 3176 1034 3234 [p.
1077 3179 1148 3230 46,
1193 3176 1268 3232 5]:
1315 3177 1355 3219 ἐν
1399 3173 1444 3219 ὧι
1487 3176 1559 3233 γὰρ
1602 3175 1816 3233 ἐπέτρεψαν
1862 3174 1975 3231 αὐτῆι
2018 3176 2139 3233 σφέας
2181 3175 2247 3220 καὶ
2293 3176 2532 3230 ἐπίστευσαν,
2576 3180 2617 3222 ἐν

267 3241 408 3286 τούτωι
437 3241 557 3300 αὐτῆς
595 3242 660 3287 καὶ
700 3244 743 3287 τὸ
787 3243 887 3293 εἶδος
928 3244 1139 3303 ἐσκέψαντο
1179 3244 1246 3289 καὶ
1285 3245 1354 3303 τὴν
1384 3244 1541 3302 δύναμιν
1584 3261 1671 3303 περ
1685 3244 1927 3293 ανθέντος
1965 3249 2048 3288 τοῦ
2088 3245 2233 3304 ἔργου
2264 3246 2448 3304 ἔγνωσαν.
2498 3249 2615 3295 haec

266 3313 410 3368 igitur
446 3312 541 3360 loci
582 3328 722 3372 quem
760 3328 905 3373 supra
950 3316 1199 3374 exscripsi,
1248 3317 1367 3362 ratio
1407 3320 1500 3361 est:
1561 3329 1867 3373 quaecunque
1914 3315 2066 3362 oculis
2107 3316 2331 3365 uidentur
2371 3323 2419 3365 et
2459 3324 2616 3367 mente

266 3388 631 3439 cognoscuntur,
665 3390 800 3438 sunt;
832 3398 942 3430 nam
974 3399 1093 3443 quac
1124 3400 1220 3431 non
1251 3390 1377 3439 sunt,
1409 3400 1559 3444 neque
1581 3385 1803 3431 uidentur
1834 3400 1986 3444 neque
2016 3393 2379 3443 cognoscuntur.
2444 3391 2615 3436 artium
