2953 3847
300 157 356 200 10

299 294 499 352 planum
543 293 599 339 fit
636 308 789 351 neque
826 292 1036 338 Helenae
1074 293 1340 349 pepercisse
1383 290 1585 337 alterum
1622 291 1812 337 fratrem
1850 291 2133 338 documento
2177 297 2291 338 sunt
2328 293 2575 350 anapaesti
2607 291 2658 337 hi

297 360 351 407 ἴθ’
413 360 503 406 ὅποι
556 362 730 421 χρήιξεις
743 380 752 390 ·
805 360 876 405 οὐκ
934 359 1159 418 ἀπολοῦμαι
1212 364 1279 417 τῆς
1345 364 1414 417 σῆς
1461 359 1627 417 Ἑλένης
1679 359 1819 404 εἵνεκα.
1907 364 2148 420 praeterea
2206 363 2257 408 in
2316 360 2658 420 Aristophanis

300 433 695 479 Acharnensibus
726 431 909 479 bellum
930 430 1392 488 Peloponnesiacum
1423 434 1615 488 propter
1646 432 1943 477 meretricum
1975 429 2274 489 quarundam
2304 435 2469 488 raptus
2502 433 2658 476 ortum

300 515 404 549 esse
436 499 741 560 Dicaeopolis
773 502 931 547 iocose
962 504 1125 547 narrat
1165 504 1212 547 et
1252 502 1301 546 in
1343 512 1399 549 ea
1440 497 1632 558 quidem
1675 500 1888 547 oratione
1930 512 2024 558 qua
2054 498 2317 558 Telephum
2349 497 2657 558 Euripideum

299 573 523 618 acerrime
562 572 720 618 notari
750 575 946 617 constet.
1018 571 1160 616 etiam
1202 569 1320 614 haec
1356 571 1502 625 igitur
1539 567 1737 626 Telephi
1776 569 1975 626 parodia
2006 583 2109 615 esse
2151 568 2351 616 uidetur.
2423 569 2658 616 Steinium

299 645 422 686 certe
462 641 672 697 grauiter
715 638 908 697 lapsum
954 652 1056 684 esse
1102 652 1210 683 cum
1250 636 1481 684 Herodoti
1518 639 1812 695 prooemium
1851 638 1909 683 ab
1952 637 2277 695 Aristophane
2308 640 2358 684 in
2403 637 2657 683 ridiculum

301 712 421 755 uerti
451 714 653 766 putaret,
685 709 919 754 Ernestus
952 707 1115 752 Maass
1152 706 1332 762 [Herm.
1366 711 1420 752 22
1451 720 1495 764 p.
1529 706 1636 761 590]
1682 707 1906 764 probauit
1942 720 2027 751 nec
2058 708 2218 752 minus
2249 707 2475 764 probauit
2504 705 2654 751 Hero-

299 777 467 824 dotum
498 777 584 825 illa
614 780 778 837 omnia
808 791 865 823 ex
896 777 1020 823 libro
1053 775 1264 834 quodam
1297 778 1471 833 scripto
1504 782 1549 822 et
1580 790 1609 821 a
1640 775 1818 822 Graeco
1851 775 2072 834 sophista
2107 776 2283 834 scripto
2316 774 2653 834 desumpsisse.

300 850 341 893 si
373 850 499 894 enim
531 846 803 893 Herodotus
836 850 939 905 ipse
971 860 1029 892 ex
1059 846 1207 892 Persa
1247 846 1408 905 aliquo
1450 846 1529 891 uel
1561 846 1723 892 Poeno
1766 845 1852 891 illa
1892 844 2172 900 audiuisset,
2203 851 2383 893 certum
2414 846 2561 893 huius
2592 847 2658 891 rei

298 920 627 963 testimonium
667 916 944 963 addidisset.
1015 931 1132 963 num
1174 930 1286 962 uero
1319 915 1538 974 sophista
1579 919 1667 962 iste
1701 915 1872 962 Persas
1904 915 2186 974 Poenosque
2224 930 2307 974 per
2336 916 2549 963 fraudem
2582 918 2654 961 in-

298 986 486 1033 duxerit
517 1001 579 1033 an
611 987 669 1033 ab
702 985 802 1032 illis
834 1000 890 1032 ca
920 985 1159 1033 audiuerit
1191 1000 1311 1044 quae
1342 986 1539 1044 abipso
1572 984 1835 1031 didicerant
1875 998 2089 1042 quaeque
2129 984 2293 1031 audire
2324 985 2533 1038 uolebat,
2564 985 2655 1030 hoc

299 1056 502 1101 discerni
543 1069 697 1113 neque
734 1058 911 1114 poterit
948 1069 1159 1114 unquam
1196 1069 1349 1113 neque
1389 1056 1594 1100 interest.
1667 1059 1716 1100 at
1754 1053 1874 1100 falso
1919 1053 2082 1100 Maass
2114 1054 2171 1100 de
2208 1053 2399 1111 dialogo
2431 1055 2659 1111 cogitauit

298 1128 435 1171 cuius
478 1126 665 1172 nullam
704 1128 962 1181 uestigium
995 1130 1138 1177 extat.
1183 1139 1336 1183 neque
1378 1122 1522 1171 talem
1566 1123 1813 1181 dialogum
1853 1123 1930 1169 uel
1972 1126 2166 1170 omnino
2210 1123 2445 1171 eiusmodi
2481 1123 2658 1170 librum

298 1196 510 1241 anticum
558 1195 617 1242 ab
662 1194 987 1253 Aristophane
1029 1196 1205 1253 quippe
1247 1196 1328 1252 qui
1360 1193 1738 1240 Atheniensibus
1778 1198 1823 1240 et
1863 1190 2143 1254 aequalibus
2180 1192 2371 1241 fabulas
2403 1193 2659 1252 scripserit,

299 1266 588 1322 castigatum
620 1277 724 1311 esse
755 1264 1003 1324 probabile
1033 1264 1154 1311 mihi
1193 1263 1384 1323 quidem
1416 1262 1616 1309 uidetur.
1679 1267 1800 1309 certe
1833 1264 1873 1311 si
1902 1262 2045 1333 ssam
2075 1268 2329 1311 notaturus
2360 1269 2474 1318 erat,
2506 1261 2658 1311 multo

299 1336 455 1379 acrius
487 1337 537 1380 in
569 1335 813 1379 hominem
846 1334 1080 1379 Graecum
1111 1347 1197 1392 pro
1230 1334 1387 1378 Persis
1419 1333 1745 1390 disputantem
1777 1334 1887 1376 inue
1945 1347 2001 1379 us
2031 1339 2169 1377 esset.

508 1404 673 1462 Neque
704 1417 816 1449 uero
849 1418 907 1449 ex
937 1404 1029 1450 hoc
1061 1403 1164 1449 solo
1189 1405 1391 1460 uestigio
1424 1401 1777 1460 disputationes
1810 1264 1984 1520 quiiss:
2000 1401 2195 1447 saeculo
2227 1404 2441 1448 extitisse
2464 1408 2658 1461 apparet

301 1474 360 1518 ab
418 1473 696 1519 hominibus
755 1473 947 1518 Graecis
1005 1472 1269 1518 secundum
1317 1472 1605 1518 Graecorum
1660 1473 1866 1518 rationes
1922 1477 1935 1519 i
2026 1470 2273 1518 Persarum
2325 1473 2535 1519 fauorem
2582 1471 2659 1517 uel

303 1545 497 1589 omnino
546 1542 602 1588 de
651 1543 903 1588 Persarum
951 1544 1093 1589 rebus
1140 1544 1354 1600 scriptas.
1435 1546 1473 1593 1,
1508 1544 1589 1586 122
1637 1541 1815 1598 Cyrum
1862 1523 1938 1610 ιιι]
1944 1541 2135 1587 muliere
2180 1543 2256 1586 cui
2301 1557 2475 1589 nomen
2521 1542 2660 1587 fuerit

301 1620 346 1657 a·
372 1625 487 1658 cane
531 1610 814 1664 deriuatum,
860 1614 1094 1659 nutritum
1141 1617 1186 1658 ct
1233 1625 1290 1657 ex
1335 1609 1561 1657 laudibus
1605 1610 1780 1668 quibus
1813 1610 1971 1669 nyrus
2004 1609 2170 1655 iterum
2216 1611 2479 1670 iterumque
2526 1610 2660 1657 illam

301 1680 538 1733 extulerit,
569 1681 744 1727 famam
787 1681 843 1727 de
875 1696 992 1728 cane
1031 1683 1134 1727 eius
1176 1682 1357 1727 nutrice
1389 1685 1538 1726 ortam
1581 1693 1684 1725 essc
1715 1673 1992 1737 exponitur:
2034 1681 2222 1734 τραφῆναι
2251 1679 2294 1724 δὲ
2326 1680 2457 1737 ἔλεγεν
2489 1679 2562 1723 ὑπὸ
2593 1683 2660 1735 τῆς

299 1753 367 1793 τοῦ
405 1749 594 1808 βουκόλου
636 1750 812 1807 γυναικὸς
853 1747 918 1808 ἧιὲ
953 1767 997 1794 τε
1035 1749 1177 1807 ταύτην
1217 1749 1356 1793 αἰνέων
1394 1749 1457 1792 διὰ
1499 1748 1637 1797 παντὸς
1668 1745 1715 1805 ἧν
1755 1748 1797 1791 τὲ
1828 1749 1863 1791 οἱ
1902 1750 1942 1791 ἐν
1982 1751 2047 1791 τῶι
2078 1747 2281 1802 λόγωι-τὰ
2319 1748 2443 1794 πάντα
2480 1748 2505 1806 ἡ
2540 1748 2663 1793 Κυνώ.

299 1820 335 1861 οἱ
366 1819 411 1862 δὲ
440 1822 563 1867 τοκεῖς
596 1820 887 1877 παραλαβόντες
925 1821 969 1863 τὸ
1000 1818 1123 1877 ὄνομα
1159 1824 1283 1870 τοῦτο,
1321 1819 1385 1862 ἵνα
1427 1818 1633 1875 θειοτέρως
1672 1821 1785 1874 ὂοκῆι
1825 1820 1920 1861 τοῖσι
1954 1819 2138 1875 ΙΙὲρσηισι
2169 1818 2356 1876 περιεῖναί
2388 1835 2476 1876 σφιν
2506 1817 2527 1861 ὁ
2558 1820 2659 1867 παῖς,

299 1890 516 1947 κατέβαλον
569 1889 684 1948 φάτιν
734 1889 786 1938 ὡς
839 1889 1059 1947 ἐκκείμενον
1106 1890 1233 1948 Κῦρον
1280 1889 1383 1932 κύων
1428 1888 1644 1946 ἐξέθρεψεν.
1723 1890 1902 1931 ἐνθεῦτεν
1955 1887 2024 1945 μὲν
2069 1887 2095 1944 ἡ
2141 1887 2253 1945 φάτις
2304 1886 2403 1945 αὕτη
2449 1887 2661 1947 κεχώρηκε.

301 1962 489 2006 habetis
523 1960 809 2006 Graeculum
843 1960 1154 2012 incredulum,
1185 1959 1429 2005 miraculis
1462 1959 1702 2010 infestum,
1733 1959 1984 2003 Persarum
2018 1958 2207 2003 fabulas
2240 1958 2409 2004 iisdem
2440 1972 2659 2017 pragma-

302 2033 407 2075 ticis
440 2032 708 2076 rationibus
741 2032 1009 2077 soluentem
1041 2032 1217 2088 quibus
1250 2030 1517 2074 Hecataeus
1551 2029 1838 2074 Graecorum
1884 2029 1959 2083 [cf.
1995 2043 2029 2073 e.
2061 2043 2105 2083 g.
2139 2029 2223 2084 frg.
2256 2032 2353 2075 346.
2387 2033 2482 2089 349.
2511 2028 2659 2073 schol.

302 2100 413 2145 Eur.
449 2099 525 2145 Or.
560 2100 683 2155 872]-
746 2105 888 2158 atque
920 2105 975 2146 ut
1004 2099 1269 2146 Hecataeus
1310 2114 1360 2143 sc
1401 2100 1649 2143 ueritatem
1681 2111 1858 2144 nouam
1890 2111 1987 2143 non
2018 2097 2266 2143 mendacia
2296 2094 2470 2148 tradita
2499 2110 2659 2142 narra-

303 2175 462 2215 turum
504 2184 607 2215 esse
637 2169 933 2226 gloriabatur
968 2170 1074 2227 [frg.
1108 2169 1239 2224 3321:
1281 2167 1375 2211 τάδε
1405 2167 1545 2225 γράφω
1580 2167 1630 2215 ὡς
1669 2166 1754 2224 ἐμοὶ
1795 2169 1903 2210 δοκεῖ
1942 2166 2099 2223 ἀληθέα
2137 2167 2253 2210 εἶναι·
2292 2165 2663 2224 αι’-ὲ·έΛξΕλλήνων

302 2238 409 2294 λόγοι
449 2237 586 2281 πολλοί
621 2238 713 2292 τε*)
755 2237 821 2281 καὶ
862 2241 1018 2295 γελοῖοι,
1058 2238 1109 2286 ὡς
1150 2237 1237 2295 ἐμοὶ
1278 2237 1489 2294 φαίνονται,
1527 2235 1611 2287 εἰσί,
1649 2239 1716 2282 ita.
1762 2239 1851 2282 iste
1898 2238 2115 2295 quisquis
2161 2238 2253 2283 fuit
2298 2252 2348 2282 se
2395 2239 2521 2288 ilem,
2565 2250 2662 2282 non

303 2308 492 2355 fabulas
531 2311 581 2354 in
612 2310 794 2354 maiora
826 2315 872 2355 et
901 2309 1113 2366 gloriosa
1144 2313 1309 2354 auctas
1341 2322 1443 2353 esse
1474 2306 1758 2353 traditurum
1795 2306 1926 2362 [Her.
1961 2311 1999 2360 1,
2031 2307 2108 2362 95]
2153 2306 2313 2353 edixit.
2367 2320 2487 2364 quae
2517 2305 2663 2351 uerba

301 2379 554 2436 praecipue
595 2377 655 2423 ad
693 2377 927 2424 miracula
964 2376 1021 2423 de
1054 2377 1166 2435 Cyri
1209 2377 1415 2423 infantia
1453 2381 1644 2421 narrata
1675 2380 1886 2434 spectare
1917 2382 2095 2423 certum
2126 2380 2198 2421 est
2229 2381 2275 2422 et
2304 2376 2394 2422 hac
2431 2374 2489 2421 de
2520 2386 2664 2420 causa

301 2449 460 2494 bonus
504 2447 778 2494 Herodotus
836 2462 887 2494 se
943 2450 1085 2494 istam
1142 2449 1462 2493 narrationem
1519 2448 1682 2492 ceteris
1737 2446 2021 2504 praetulisse
2073 2448 2175 2505 ipse
2221 2445 2497 2496 confitetur„
2552 2457 2661 2501 gra-

305 2520 557 2563 uissimum
595 2532 707 2563 uero
748 2523 821 2563 est
862 2518 952 2563 hoc
984 2531 1173 2575 quoque
1210 2517 1316 2562 loco
1348 2521 1561 2562 auctores
1601 2519 1669 2558 τοῦ
1700 2515 1827 2564 ἐόντος
1865 2515 1981 2572 λόγου
2019 2531 2116 2562 non
2158 2530 2238 2562 eos
2269 2515 2377 2561 ferri
2408 2517 2490 2573 qui
2520 2515 2662 2566 fuere,

305 2587 511 2633 Graecos
556 2587 632 2633 uel
673 2588 829 2642 IonOS,
871 2586 954 2634 sed
993 2587 1165 2633 Persas
1205 2589 1359 2645 ipsos:
1398 2584 1447 2634 ὡς
1486 2582 1536 2628 ὧν
1569 2585 1750 2643 Περσέων
1791 2586 2027 2643 μετεξέτεροι
2070 2585 2244 2642 λέγουσιν
2284 2585 2321 2628 οἱ
2353 2584 2406 2641 μή
2437 2583 2664 2642 βουλόμενοι

304 2660 467 2713 σεμνοῦν
511 2657 558 2700 τοὶ
605 2656 691 2714 περὶ
740 2658 868 2715 Κῦρον
915 2657 1017 2700 ἀλλὰ
1063 2657 1128 2700 τὸν
1179 2656 1293 2699 ἐόντα
1338 2656 1462 2712 λέγειν
1508 2655 1632 2711 λόγον,
1687 2656 1787 2698 κατὰ
1832 2659 1953 2698 ταῦτα
1998 2655 2148 2713 γράψω.
2225 2660 2367 2714 atque
2412 2655 2664 2701 Persarum

305 2730 539 2773 sermonis
571 2727 712 2774 illum
744 2728 1014 2786 sophistam
1053 2729 1259 2785 peritum
1300 2726 1449 2772 fuisse
1479 2725 1680 2783 planum
1723 2726 1779 2771 fit
1818 2725 1923 2772 loco
1967 2725 2025 2771 de
2063 2728 2256 2772 nomine
2286 2724 2500 2771 mulieris
2530 2723 2664 2769 illius

308 2799 371 2853 [Vl.
397 2797 500 2852 110]
537 2795 703 2840 συνοίκει
733 2796 777 2840 δὲ
808 2798 957 2840 ἑωυτοῦ
988 2795 1204 2851 συνὸοόληι,
1237 2792 1359 2851 ὄνομα
1389 2795 1431 2838 δὲ
1461 2798 1525 2850 τῆι
1554 2793 1702 2850 γυναικὶ
1733 2791 1780 2850 ἦν
1810 2797 1872 2850 τῆι
1904 2793 2080 2846 συνοίκει,
2114 2794 2230 2838 Κυνὼ
2252 2793 2353 2837 κατὰ
2389 2794 2458 2849 τήν
2484 2792 2663 2837 Ἑλλάδα

303 2869 491 2920 γλῶσσαν,
531 2866 633 2908 κατὰ
674 2866 718 2908 δὲ
747 2867 817 2922 τὴν
849 2866 1031 2921 Μηδικὴν
1062 2865 1224 2908 Σπακώ·
1262 2865 1331 2920 τήν
1360 2865 1433 2921 γὰρ
1472 2863 1568 2906 κύνα
1598 2864 1782 2906 καλέουσι
1823 2864 1953 2906 σπάκα
1986 2864 2129 2919 Μῆδοι,
2172 2864 2229 2909 de
2270 2878 2363 2921 quo
2401 2863 2507 2908 1000
2542 2866 2665 2908 reete

305 2934 535 2980 iudicavit
565 2936 621 2980 A.
655 2936 812 2981 Bauer
846 2935 945 2991 [ΞΒ
977 2935 1060 2980 der
1089 2934 1242 2980 Wien.
1276 2933 1432 2979 Akad.
1470 2937 1581 2979 1882
1610 2948 1654 2990 p.
1678 2937 1764 2979 539
1795 2934 1902 2990 sq.].

513 3010 555 3056 9,
600 3008 682 3050 122
714 3005 869 3061 Cyrus
909 3004 1080 3050 Persas
1119 3005 1365 3049 monuisse
1410 3003 1556 3048 fertur
1600 3016 1659 3047 ne
1705 3004 1754 3047 in
1801 3008 1972 3048 terram
2018 2994 2290 3048 fertiliorem
2336 3003 2664 3058 mitioremque

305 3076 586 3130 migrarent;
638 3075 735 3122 fore
794 3076 921 3121 enim
975 3078 1029 3120 ut
1075 3072 1450 3120 dominationem
1496 3074 1786 3118 amitterent:
1834 3069 1937 3115 οὕτω
1982 3070 2026 3115 δὲ
2072 3070 2221 3116 αὐτοῖσι
2266 3068 2449 3128 παραίνει
2493 3068 2665 3128 κελεύων

516 3259 551 3305 *)
577 3259 628 3295 Cf.
653 3258 782 3295 Herod.
811 3261 841 3301 l,
867 3260 912 3297 75
937 3256 980 3299 ὡς
1004 3259 1041 3295 δὲ
1067 3255 1211 3295 ἀπίκετο
1245 3257 1301 3293 ἐπὶ
1333 3255 1389 3292 τὸν
1409 3253 1508 3293 Ἅλυν
1534 3259 1688 3305 ποταμὸν
1715 3257 1733 3293 ὀ
1758 3255 1916 3306 Κροῖσος,
1948 3255 1987 3292 τὸ
2012 3256 2181 3298 ἐνθεῦτεν,
2208 3253 2252 3296 ὡς
2276 3257 2337 3303 μὲν
2362 3254 2430 3304 ἐγὼ
2450 3256 2549 3303 λέγω,
2574 3254 2677 3291 κατὰ.

305 3319 367 3359 τὰς
400 3317 524 3359 ἐούσας
558 3317 708 3367 γεφύρας
741 3318 912 3365 διεβίβασε
945 3316 1005 3353 τὸν
1039 3316 1205 3365 στρατόν·
1240 3314 1285 3356 ὡς
1322 3317 1358 3352 δὲ
1391 3315 1408 3352 ὁ
1442 3317 1569 3355 πολλος
1601 3314 1700 3363 λόγος
1725 3313 1918 3363 Ἑλλήνων,
1956 3314 2073 3363 Θαλῆς
2105 3315 2137 3350 οἱ
2170 3313 2189 3350 ὸ
2214 3313 2384 3362 Μιλήσιος
2416 3314 2606 3361 διεβίβασεν
2630 3315 2668 3348 et

306 3377 475 3423 Hippocr.
509 3375 555 3412 de
585 3377 650 3415 art.
683 3379 705 3415 9
738 3386 772 3421 p.
807 3378 853 3415 54
885 3374 1011 3421 Gomp.
1044 3375 1116 3412 ἔστι
1145 3374 1209 3424 γὰρ
1242 3378 1330 3411 τοῖσι
1361 3372 1490 3423 ταύτην
1523 3373 1586 3422 τὴν
1619 3375 1747 3424 τέχνην
1781 3374 1905 3414 ἱκανῶς
1938 3371 2042 3410 εἰδόσι
2065 3371 2109 3410 τὰ
2134 3374 2195 3421 μὲν
2219 3375 2286 3409 τῶν
2310 3369 2517 3421 νοσημάτων
2543 3368 2607 3409 οὐκ
2632 3371 2667 3408 ὲν

313 3434 485 3473 ὃυσόπτωι
510 3436 652 3483 κείμενα
676 3434 735 3472 καὶ
762 3431 801 3472 οὗ
827 3432 950 3479 πολλοί,
973 3432 1018 3472 τὰ
1043 3434 1079 3472 δὲ
1105 3431 1168 3471 οὐκ
1193 3434 1228 3471 ἐν
1256 3430 1404 3470 edestam
1427 3434 1486 3469 καὶ
1510 3431 1633 3469 πολλοί.
