2953 3847
504 233 598 280 Sed
645 236 787 280 etiam
828 235 1000 278 certius
1046 233 1267 291 progredi
1312 233 1433 279 lieet.
1504 232 1797 279 Herodotum
1837 235 1974 280 init-io
2020 234 2133 280 libri
2177 233 2373 280 alterius
2420 233 2654 281 Hecataeo

298 303 510 362 obloqui,
542 318 688 350 unam
720 304 997 361 Aegyptum
1029 302 1312 357 inferiorem,
1342 303 1384 345 τὸ
1417 303 1555 355 Δέλτα,
1587 305 1859 350 nominanti
1880 303 2172 363 Aegyptum,
2202 318 2286 363 per
2311 303 2656 351 Gutschmidtii

301 373 398 432 [op.
426 378 446 418 1
480 389 524 433 p.
558 373 636 431 40]
681 377 727 420 et
757 371 956 419 Dielesii
1001 372 1052 431 [1.
1077 388 1113 427 c.
1136 388 1180 433 p.
1204 373 1312 429 423]
1349 388 1537 432 oporam
1578 376 1777 420 constat.
1840 373 1923 420 sed
1954 373 2100 421 huius
2134 372 2374 433 opinionis
2416 378 2654 421 auctorem

297 444 356 490 ab
390 458 442 488 eo
475 458 573 490 non
604 443 752 489 fuisse
784 442 1027 489 diuersum
1059 445 1141 502 qui
1171 435 1254 502 per
1281 442 1446 488 Nilum
1469 444 1634 489 Asiam
1657 442 1959 502 Libyamque
1990 443 2242 497 diremerit,
2272 460 2330 490 ex
2360 444 2479 491 locis
2502 443 2651 490 Hero-

296 512 451 559 doteis
483 512 747 559 clarissime
779 518 975 571 apparet
1011 512 1074 569 [2,
1108 515 1172 558 15.
1209 513 1311 567 161:
1346 512 1378 554 εἰ
1409 509 1460 554 ὦν
1492 511 1718 569 βουλόμεθα
1749 512 1935 569 γνώμηισι
1965 517 2088 570 τῆισιν
2115 512 2256 556 Ἰώνων
2286 516 2462 572 χρῆσθαι
2490 513 2538 556 τὰ
2569 512 2656 570 περὶ

298 581 490 639 Αἴγυπτον
529 581 569 626 οἵ
595 599 692 640 φασι
730 583 773 626 τὸ
805 582 931 626 Δέλτα
963 585 1101 639 μοῦνον
1132 581 1229 625 εἶναι
1261 580 1452 639 Αἴγυπτον
1489 614 1619 624 .....
1648 582 1695 624 τά
1735 581 1778 624 δὲ
1819 579 1922 625 ἄλλα
1952 583 2141 639 λεγόντων
2183 587 2250 638 τῆς
2282 582 2478 639 Αἰγύπτου
2508 584 2555 626 τὰ
2587 582 2656 639 μὲν

297 652 453 711 Λιβύης,
482 651 530 696 τὰ
562 651 606 696 δὲ
633 650 813 711 Ἀραβίης
844 651 952 704 εἶναι,
993 650 1311 710 ἀποδεικνύοιμεν
1343 650 1389 696 ἂν
1426 651 1564 696 τούτωι
1596 656 1661 695 τῶι
1698 650 1818 709 λόγων.
1858 652 2073 711 χρεώμενοι
2107 650 2366 709 Αἰγυπτίοισιν
2406 651 2477 695 οὐκ
2515 654 2655 696 ἐοῦσαν

295 722 479 780 πρότερον
521 722 654 780 χώρην
693 754 701 764 .
733 754 741 763 .
769 754 778 764 .
805 754 814 763 .
847 754 856 764 .
884 754 893 763 .
925 723 958 764 εἰ
999 721 1043 764 δὲ
1086 721 1186 778 ὀρθή
1227 724 1328 764 ἐστιν
1373 722 1396 777 ἡ
1438 723 1570 778 γνώμη
1614 726 1685 765 τῶν
1723 722 1880 773 Ἰώνων,
1917 721 2119 778 Ἕλληνάς
2159 737 2201 764 τε
2242 720 2307 763 καὶ
2349 721 2487 769 αὐτοὺς
2515 719 2655 770 Ἴωνας

295 791 547 846 ἀποδείκνυμι
575 791 646 833 οὐκ
667 792 941 847 ἐπισταμένους
963 791 1198 847 λογίζεσθαι,
1231 793 1271 834 οἶ
1289 810 1383 848 φασι
1413 792 1499 848 τρία
1531 793 1646 849 μόρια
1671 793 1767 834 εἶναι
1794 797 1864 847 γῆν
1895 797 2033 843 πᾶσαν,
2056 793 2247 849 Εὐρώπην
2276 809 2318 834 τε
2348 790 2412 835 καὶ
2431 791 2559 847 Ἀσίην
2590 790 2655 833 καὶ

296 861 454 917 Λιβύην.
516 864 609 907 iam
647 866 749 906 tota
780 861 1005 906 Hecataei
1035 857 1335 908 ratiocinatio
1376 877 1431 906 ex
1474 863 1681 907 tenebris
1723 867 1769 906 et
1809 859 2097 907 obscuritate
2135 865 2336 908 emersit.
2398 867 2653 920 postquam

295 933 422 976 enim
461 931 660 988 Libyae,
699 933 932 988 imprimis
964 931 1150 989 Libyae
1188 947 1353 977 uersus
1395 931 1683 977 occidentem
1722 934 1842 976 sitae
1878 937 2047 977 natura
2092 931 2284 977 Graecis
2328 938 2373 977 et.
2402 933 2654 989 praecipue

294 1001 493 1047 Ionibus
525 1002 678 1056 magis
711 1003 959 1059 magisque
987 1002 1210 1053 innotuit,
1241 1001 1431 1048 fuerunt
1463 1003 1544 1059 qui
1575 1000 1782 1058 Libyam
1813 1006 2005 1058 propter
2035 1006 2184 1048 terrae
2205 1002 2417 1059 caelique
2449 1000 2649 1047 diuersi-

296 1074 441 1116 tatem
474 1070 533 1117 ab
566 1070 689 1116 Asia
720 1068 1033 1116 dirimendam
1076 1084 1177 1116 esse
1208 1074 1442 1128 putarent.
1507 1084 1708 1128 quorum
1741 1072 1790 1116 in
1822 1084 2018 1117 numero
2052 1075 2152 1116 erat
2178 1070 2443 1116 Hecataeus
2477 1071 2651 1128 quippe

295 1141 378 1197 qui
409 1138 466 1186 de
498 1139 658 1197 Libya
689 1141 1043 1186 accuratissime
1073 1142 1250 1195 egisset
1280 1140 1550 1197 librumque
1589 1139 1741 1193 illum,
1787 1154 1879 1198 quo
1913 1141 2145 1187 mundum
2178 1140 2442 1198 descripsit,
2473 1153 2569 1186 non
2601 1142 2649 1185 in

296 1209 406 1262 duo,
439 1209 522 1255 sed
554 1211 604 1255 in
636 1215 730 1256 tres
768 1215 925 1267 partes
959 1209 1211 1256 diuidisset
1245 1209 1432 1267 Εὐρώπην
1460 1209 1588 1265 Ἀσίην
1621 1209 1777 1266 Λιβύην.
1839 1210 1898 1258 ad
1940 1211 2062 1257 hane
2104 1215 2264 1258 tamen
2296 1210 2649 1257 distinctionem

296 1294 405 1325 cum
437 1284 562 1324 certo
594 1294 647 1324 ac
679 1279 887 1324 naturali
918 1279 1013 1324 fine
1044 1281 1167 1325 inter
1204 1281 1373 1325 Asiam
1403 1279 1706 1336 Libyamque
1744 1284 1895 1327 const'
1979 1296 2005 1327 o
2045 1295 2167 1338 opus
2207 1287 2344 1332 esset,
2386 1285 2439 1325 ut
2477 1280 2651 1325 Phasis

297 1349 375 1394 uel
407 1348 581 1394 Tanais
614 1349 797 1399 Asiam,
828 1350 894 1394 ita
926 1349 1068 1395 Nilus
1102 1350 1308 1405 Libyam
1341 1349 1550 1394 insulam
1584 1350 1731 1394 facere
1993 1355 2013 1396 t
2043 1349 2131 1401 illi,
2163 1356 2206 1396 et
2239 1352 2341 1407 ipse
2372 1364 2430 1396 ex
2462 1350 2651 1395 Oceano

297 1419 529 1477 profluere
580 1419 870 1465 censebatur.
968 1419 1092 1464 hanc
1144 1422 1288 1475 igitur
1344 1421 1615 1476 opinionem
1669 1420 1761 1464 Era
1970 1436 2020 1466 es
2050 1420 2299 1475 significat
2345 1435 2373 1464 a
2397 1419 2653 1464 ...Strabone

302 1490 344 1542 [1
389 1503 432 1544 p.
477 1488 555 1542 65]
598 1490 667 1532 ita
704 1491 968 1544 exscriptus
1017 1514 1075 1519 ——-
1124 1490 1285 1534 cadem
1338 1505 1393 1533 cx
1436 1489 1754 1533 Eratosthene
1795 1505 1826 1534 u
1924 1494 2076 1542 osius,
2123 1489 2204 1534 sed
2250 1505 2345 1534 non
2388 1491 2652 1534 accuratius

297 1558 484 1614 repetiit
514 1557 747 1603 Arrianus
791 1557 949 1612 [anab.
985 1561 1025 1609 3,
1057 1561 1127 1610 30,
1159 1557 1207 1611 91
1245 1583 1300 1588 —
1340 1555 1424 1613 περὶ
1462 1561 1532 1599 τῶν
1569 1555 1740 1613 ἠπείρων
1771 1590 1780 1599 .
1811 1591 1819 1599 .

296 1627 373 1673 τοῖς
414 1627 599 1681 ποταμοῖς
636 1628 794 1682 διαιρεῖν
830 1624 960 1676 αὐτας,
1001 1630 1066 1669 τῶι
1106 1642 1148 1669 τε
1182 1625 1327 1669 Natis->2
1368 1624 1431 1668 καὶ
1472 1629 1538 1667 τῶι
1577 1625 1750 1668 Τανάιῦι,
1792 1626 1932 1682 νήσους
1973 1624 2272 1683 ἀποφαίνοντας(
2337 1640 2472 1690 sitam
2511 1627 2655 1681 igitur

300 1697 575 1752 opinionem
608 1709 751 1752 quam
784 1695 840 1740 de
871 1695 983 1741 Nilo
1015 1697 1224 1742 habebat
1255 1702 1309 1741 ut
1339 1696 1611 1748 illustraret,
1653 1695 1917 1740 Hecataeus
1956 1696 2273 1753 expeditionis
2305 1696 2654 1752 Argonauticae

296 1764 511 1811 fabulam
554 1764 789 1817 adhibuit,
832 1765 1003 1811 Ionum
1045 1780 1174 1812 more
1216 1765 1300 1813 illo
1350 1780 1464 1811 usus
1508 1780 1601 1823 quo
1634 1765 1821 1812 fabulas
1855 1773 1900 1811 et
1931 1766 2219 1823 spernebant
2249 1772 2295 1812 et
2326 1766 2648 1812 ratiocinatio-

297 1835 441 1880 nibus
474 1836 575 1879 suis
598 1838 650 1879 ut
683 1848 767 1892 pro
800 1834 1097 1880 documentis
1130 1840 1301 1887 essent,
1324 1835 1758 1881 accommodabant.
1813 1849 1933 1893 quae
1966 1837 2125 1880 omnia
2156 1834 2273 1880 adeo
2306 1837 2427 1880 inter
2458 1849 2509 1879 se
2539 1849 2651 1880 con-

297 1906 478 1956 cinunt,
525 1909 578 1950 ut
615 1919 712 1950 non
761 1905 947 1952 uideam
991 1920 1083 1964 quo
1131 1907 1231 1950 iure
1278 1905 1449 1951 scholii
1495 1920 1564 1950 us.
1599 1909 1684 1950 259
1728 1907 2056 1951 testimonium
2103 1907 2370 1964 improbare
2409 1904 2564 1956 liceat,
2610 1909 2654 1949 et

298 1975 483 2020 scholio
532 1989 600 2019 us.
646 1978 731 2019 :284
776 1976 882 2033 ipsa
927 1975 1151 2021 Hecataei
1208 1977 1354 2020 uerba
1400 1976 1631 2020 excidisse
1688 1978 1917 2021 coniciam
1970 1978 2245 2034 pracsertim
2301 1990 2407 2020 cum
2463 1975 2654 2020 fabulae

297 2044 562 2089 Hesiodcae
595 2048 840 2101 aptissime
881 2045 1084 2090 addatur
1114 2045 1337 2089 Hecataei
1382 2048 1728 2100 argumentatio
1773 2061 1865 2102 qua
1908 2047 2215 2102 Argonautas
2258 2047 2362 2102 ipsa
2404 2046 2519 2089 naui
2557 2059 2655 2089 non

298 2120 488 2160 tantum
519 2116 722 2159 intrasse
754 2114 836 2159 sed
869 2117 1011 2160 etiam
1044 2118 1217 2160 exiisse
1249 2129 1307 2159 ex
1339 2115 1528 2160 Oceano
1575 2114 1778 2160 docetur.
1852 2130 2005 2173 neque
2037 2121 2195 2161 tamen
2227 2115 2351 2160 hanc
2383 2115 2655 2171 opinionem

298 2182 539 2240 totam‘pab
571 2182 810 2229 Hecataeo
842 2186 1088 2228 inuentam
1122 2198 1225 2227 esse
1258 2183 1505 2234 contencio,
1545 2183 1627 2228 sed
1660 2199 1762 2228 cam
1803 2187 2070 2242 antiquitus
2103 2183 2341 2236 traditam,
2373 2187 2476 2228 tum
2508 2183 2566 2227 ab
2600 2197 2653 2227 eo

299 2253 628 2298 confirmatam
661 2258 707 2297 et
737 2259 925 2298 auctam
959 2268 1062 2298 esse
1094 2253 1327 2299 concludo
1360 2268 1416 2297 cx
1448 2252 1677 2298 Herodoti
1711 2255 1868 2299 uerbis
1905 2255 1969 2309 [4,
2000 2254 2097 2308 451,
2128 2269 2210 2311 per
2242 2268 2362 2311 quae
2395 2252 2524 2298 haud
2558 2254 2654 2297 scio

299 2339 359 2368 an
401 2324 576 2369 iniuria
611 2321 845 2368 malitiam
890 2321 1130 2380 quandam
1169 2324 1347 2380 spirare
1388 2324 1612 2368 sentiam:
1665 2321 1743 2366 οὐδ’
1779 2322 1862 2380 ἔχω
1894 2322 2164 2380 συμβαλέσθαι
2194 2321 2250 2366 ἐπ’
2285 2319 2374 2366 ὅτευ
2406 2325 2490 2379 μιῆι
2521 2321 2655 2377 sedorp.

298 2397 364 2450 γῆι
394 2391 567 2450 ὀνόματα
597 2392 781 2451 τριφάσια
818 2394 942 2435 κεῖται
983 2391 1202 2449 ἐπωνυμίας
1244 2391 1384 2451 ἔχοντα
1425 2396 1610 2449 χύναικῶν
1649 2391 1712 2435 καὶ
1744 2391 1960 2450 οὐρίσματα
2002 2382 2116 2449 αὐτῆι
2149 2391 2287 2440 Νεῖλός
2324 2409 2366 2435 τε
2396 2391 2416 2436 ὁ
2451 2391 2657 2449 Αἰγύπτιος

298 2463 470 2518 ποταμὸς
502 2463 621 2518 ἐτέθη
650 2461 716 2505 καὶ
747 2463 872 2510 Φᾶσις
904 2461 924 2504 ὁ
959 2461 1126 2520 Κόλχος,
1170 2462 1208 2505 οἳ
1243 2462 1286 2504 δὲ
1318 2462 1460 2505 Τάναιν
1498 2462 1668 2518 ποταμὸν
1710 2462 1773 2504 τὸν
1807 2461 1991 2518 Μαιήτην
2036 2462 2300 2520 {corrupta}
2349 2460 2414 2505 καὶ
2456 2463 2657 2518 πορῦμῆια

297 2532 345 2575 τὰ
370 2531 568 2589 Κιμμέρια
595 2531 781 2589 λέγουσιν,
812 2530 903 2575 οὐδὲ
924 2535 995 2574 ,τῶν
1016 2531 1288 2589 διουρισάντων
1310 2532 1357 2575 τά
1379 2531 1549 2588 ὀνόματα
1570 2531 1776 2574 πυθέσθαι.
1827 2531 2114 2590 Sophoclem
2136 2546 2247 2579 uero
2270 2546 2423 2590 neque
2445 2536 2657 2578 ueterum

300 2601 478 2649 fabulis
522 2615 674 2660 neque
717 2601 952 2647 Hecataeo
1001 2601 1348 2660 adstipulatum
1381 2615 1483 2647 csse
1522 2616 1619 2647 non
1660 2604 1846 2654 mirum,
1894 2604 2120 2660 quoniam
2161 2606 2282 2648 teste
2324 2601 2565 2648 Herodoto
2597 2602 2656 2647 ab

300 2672 681 2716 Atheniensibus
713 2670 911 2716 Periclis
947 2676 1099 2716 aetate
1131 2672 1303 2717 Ionum
1335 2674 1596 2726 ingeniosis
1630 2671 1713 2716 scd
1745 2673 2004 2716 temerariis
2048 2673 2256 2716 inuentis
2297 2670 2516 2728 paullum
2547 2670 2659 2715 fidei

300 2741 583 2792 habebatur,
615 2739 673 2785 de
705 2756 799 2798 qua
829 2757 876 2786 rc
909 2740 1161 2786 conferatis
1194 2755 1365 2787 moneo
1398 2741 1587 2797 Bel-geri
1631 2739 2014 2787 dissertationem
2057 2742 2107 2786 in
2138 2741 2227 2786 hac
2258 2746 2391 2798 parte
2422 2741 2658 2796 egregiam

301 2821 347 2856 et
368 2809 576 2863 felicem;
608 2825 759 2868 neque
792 2809 1033 2868 explicatu
1065 2809 1258 2856 difficile
1290 2824 1372 2856 cur
1392 2808 1680 2859 Herodorus,
1702 2809 1935 2867 Brysonis
1968 2809 2212 2868 sophistae
2242 2814 2377 2868 pater
2408 2814 2453 2855 et
2484 2810 2659 2855 rationi

299 2882 620 2939 pragmaticae
668 2882 861 2926 omnino
909 2879 1113 2933 deditus,
1160 2895 1240 2926 eas
1287 2880 1559 2926 fabularum
1605 2878 1870 2925 solutiones
1917 2881 2125 2926 reiecerit
2178 2893 2296 2938 quas
2352 2879 2466 2926 olim
2519 2879 2658 2925 Iones

300 2949 662 3007 Hecataeusque
702 2951 994 2995 inuenerant.
1068 2955 1272 2996 ceterum
1311 2949 1482 2995 Ionum
1515 2950 1676 3008 opinio
1713 2962 1796 3006 per
1826 2948 2070 2995 saeculum
2115 2953 2336 3007 quartum
2367 2947 2656 3007 perdurauit.

301 3020 633 3077 Euthymenes
676 3020 802 3065 enim
842 3019 1128 3067 Massaliota
1159 3018 1372 3065 Thaletis
1405 3024 1451 3065 et
1492 3018 1717 3065 Hecataei
1759 3020 2008 3077 opiniones
2052 3020 2122 3065 ita
2160 3020 2409 3065 coniunxit
2450 3022 2504 3063 ut
2534 3030 2661 3062 mare

302 3095 549 3136 externum
591 3090 845 3135 etesiarum
884 3088 1080 3136 flatibus
1111 3089 1212 3136 Nili
1243 3089 1457 3136 fontibus
1490 3087 1670 3135 intrudi
1709 3088 1882 3134 diceret
1925 3089 2085 3145 [anon.
2119 3087 2175 3134 de
2206 3087 2318 3135 Nilo
2351 3088 2456 3134 Act.
2489 3090 2531 3140 4,
2566 3090 2604 3137 l,
2635 3090 2662 3132 2

301 3175 344 3218 p.
369 3162 492 3206 385a
515 3163 536 3204 1
572 3157 679 3205 Sen.
714 3164 914 3217 quaestt.
948 3164 1063 3205 natt.
1096 3162 1137 3211 4.
1170 3162 1211 3211 2,
1242 3159 1339 3214 22],
1370 3161 1622 3217 ipsumque
1654 3173 1704 3204 se
1735 3172 1863 3204 marc
1894 3157 2031 3204 dulce
2063 3163 2109 3203 et
2139 3156 2388 3203 crocodilis
2419 3156 2655 3214 hippopo-

302 3232 539 3288 tamisque
573 3227 787 3287 plenum,
817 3243 925 3275 cum
959 3228 1087 3274 ultra
1124 3228 1372 3275 columnas
1412 3227 1630 3274 Herculis
1661 3227 1933 3274 seeundum
1974 3227 2158 3284 Libyae
2198 3240 2330 3274 oram
2370 3228 2660 3283 nauigasset,

303 3298 484 3345 uidisse
505 3302 712 3344 testatus
746 3303 828 3344 est.
883 3297 941 3344 de
972 3299 1108 3345 cuius
1141 3302 1293 3344 aetate
1325 3300 1412 3344 etsi
1443 3296 1567 3343 nihil
1599 3299 1712 3343 certi
1734 3301 1935 3351 constat,
1967 3301 2126 3343 tamen
2157 3300 2269 3354 post
2289 3295 2586 3342 Herodotum
2617 3300 2663 3339 et

304 3374 414 3414 ante
439 3368 689 3426 Ephorum
721 3368 870 3414 fuisse
902 3367 1094 3415 uidetur
1127 3370 1303 3426 quippe
1337 3370 1418 3425 qui
1449 3369 1633 3424 primus
1668 3382 1777 3414 eum
1809 3372 1852 3412 et
1878 3368 2255 3413 commemorarit
2286 3371 2332 3413 et
2363 3366 2664 3424 oppugnarit,

1849 1574 1870 1612 ‘a‘
1903 1557 2052 1613 γονέναι
2083 1558 2196 1600 πολὺν
2228 1556 2340 1614 λόγον
2371 1555 2436 1600 καὶ
2466 1557 2554 1604 τοὺς
2585 1555 2654 1613 μὲν
2715 1602 2723 1608 ,
