2953 3847
291 52 341 106 4.

293 203 348 244 ut
387 202 532 257 poeta
576 198 823 247 Doriensis
876 194 1121 245 oraculum
1167 212 1196 242 a
1247 195 1432 245 colonis
1479 195 1794 246 Doriensibus
1847 193 2093 247 conditum
2150 214 2253 246 esse
2305 200 2540 256 narrauit,
2585 202 2652 250 ita

292 267 495 315 Doricae
538 269 696 326 gentis
741 267 1062 326 principatum
1109 268 1178 313 ita
1222 265 1517 324 significauit
1560 274 1615 315 ut
1656 267 2044 327 Peloponnesum
2089 271 2242 328 primo
2288 269 2394 318 loco
2439 277 2651 330 poneret,

293 339 449 396 ipsam
483 336 729 384 Graeciam
755 351 809 384 eo
840 338 1035 383 nomine
1069 334 1331 395 appellaret
1360 336 1489 395 quod
1519 352 1617 384 non
1648 352 1676 383 a
1707 336 1900 384 Graecis
1933 338 2176 392 omnibuS‚
2203 337 2286 385 sed
2317 339 2649 387 tantummodo

291 408 350 453 ab
394 409 514 465 ipsis
554 406 922 465 Peloponnesiis
974 410 1098 452 recte
1149 410 1352 464 apteque
1402 409 1623 466 usurpari
1663 412 1839 466 posset.
1930 406 2149 454 similiter
2194 410 2336 455 etiam
2379 408 2649 457 Herodotus

291 475 484 523 locutus
526 480 599 521 est
643 475 706 531 [8‚
746 474 855 530 44]:
907 472 1013 518 οὗτοι
1053 474 1123 531 μέν
1157 490 1222 516 νυν
1253 474 1574 531 Πελοποννησίων
1617 475 1900 534 ἐστρατεύοντο,
1937 477 1972 519 οἱ
2011 475 2054 520 δὲ
2085 479 2129 520 ἐκ
2157 480 2224 534 τῆς
2255 476 2329 527 ἔξω
2359 477 2520 537 ἠπείρου
2551 480 2579 523 i.
2612 493 2648 524 e.

290 546 613 591 Athenienses
644 544 952 601 Megarenses
984 544 1321 590 Ambraciotae
1352 544 1594 597 Leucadii,
1627 581 1635 590 .
1670 578 1683 590 ,
1713 582 1721 590 .
1755 545 1976 601 νησιωτέων
2006 545 2049 589 δὲ
2082 546 2283 603 Αἰγινῆται
2313 550 2393 590 κτλ.
2454 562 2648 594 sensum

288 617 436 672 igitur
475 629 574 662 non
604 628 802 673 prorsus
839 615 1069 673 peruertit
1104 612 1301 659 Reizius
1342 628 1447 659 cum
1484 628 1569 673 pro
1610 613 1810 672 Εὐρώπην,
1851 613 1977 673 quod
2025 621 2079 661 ut
2123 615 2417 673 intellegeret
2460 631 2648 676 operam

291 699 389 732 non
421 683 566 738 dedit,
596 681 756 741 ἤπειρον
787 685 1003 737 00010011,
1035 683 1118 728 sed
1150 684 1415 731 cauendum
1448 688 1521 729 est
1551 699 1610 730 ne
1640 685 1729 730 hac
1770 682 1945 731 friuola
1975 687 2244 731 coniectura
2281 688 2331 731 in
2361 692 2544 732 textum
2576 701 2647 732 re-

288 759 424 812 cepta
455 757 699 799 uetustum
734 767 788 798 ac
817 752 1113 811 praeclarum
1145 755 1354 799 nominis
1386 753 1606 811 Europae
1637 753 1976 800 documentum
2009 754 2232 801 deleatur.

500 821 655 868 Terris
692 824 838 878 igitur
881 828 929 867 et
966 824 1323 869 continentibus
1363 826 1408 866 et
1453 822 1513 867 ad
1553 825 1921 879 septentrionem
1963 826 2114 869 uersis
2154 838 2182 870 a
2219 824 2433 871 littorum
2465 826 2543 871 uel
2573 828 2646 872 in-

287 892 502 939 sularum
543 891 716 938 incolis
758 906 938 938 nomen
981 891 1204 949 Europae
1242 891 1343 937 indi
1386 890 1581 938 solebat.
1654 907 1806 948 neque
1844 891 1935 937 hoc
1981 890 2190 938 alienum
2237 899 2336 939 erat
2383 909 2411 939 a
2440 897 2647 941 nominis

291 965 498 1020 origine;
575 961 690 1021 quid
752 963 886 1006 enim·
938 963 1109 1006 mirum
1172 960 1307 1006 deam
1369 960 1564 1006 inferam
1619 963 1666 1005 in
1722 965 1948 1006 terrarum
2002 960 2181 1008 finibus
2237 977 2405 1008 uersus
2462 969 2647 1010 noctem

288 1034 651 1092 uesperumque,
683 1032 767 1079 ubi
799 1036 913 1076 sunt
945 1029 1055 1075 Orci
1087 1032 1329 1083 introitus,
1369 1030 1615 1076 habitare?
1664 1033 1795 1076 uarie
1826 1046 1937 1077 uero
1969 1046 2054 1089 pro
2097 1033 2228 1078 uario
2270 1034 2367 1078 situ
2408 1038 2454 1079 et
2484 1048 2644 1080 eorum

290 1105 371 1162 qui
394 1103 712 1150 nominabant
743 1105 789 1147 et
820 1115 940 1159 quae
972 1101 1359 1154 nominabantur,
1389 1115 1562 1147 nomen
1594 1102 1931 1159 usurpabatur,
1962 1116 2068 1148 cum
2092 1104 2289 1160 antiquo
2321 1102 2406 1150 illo
2438 1108 2647 1162 tempore

285 1187 437 1232 parua
487 1177 676 1219 tantum
728 1175 774 1216 et
825 1172 984 1216 uicina
1034 1172 1173 1215 certis
1224 1172 1502 1217 nominibus
1565 1170 1991 1227 distinguerentur,
2049 1170 2315 1230 longinqua
2365 1186 2417 1218 ac
2464 1176 2644 1219 maiora

288 1243 568 1290 nominibus
600 1243 729 1288 uarie
760 1242 970 1286 inuentis
1001 1239 1098 1285 late
1130 1240 1522 1296 significarentur.
1592 1241 1745 1286 multo
1777 1246 1889 1298 post
1918 1242 2060 1288 Iones
2089 1236 2169 1288 001
2200 1242 2377 1288 Milesii
2409 1256 2517 1289 cum
2548 1258 2645 1289 nou

289 1312 448 1358 solum
480 1314 588 1357 uisu
622 1317 763 1369 atque
794 1311 1100 1368 experientia,
1134 1309 1217 1355 sed
1248 1312 1429 1356 ratione
1462 1324 1649 1367 quoque
1680 1312 1775 1367 reg·
1847 1325 1896 1369 es
1916 1355 1930 1364 ,Δ
1980 1313 2112 1357 ienas
2143 1326 2336 1358 noscere
2368 1326 2420 1357 ac
2451 1312 2646 1358 definire

286 1384 530 1440 totiusque
579 1386 728 1425 terrae
779 1379 954 1424 claram
998 1378 1239 1436 quandam
1289 1381 1544 1433 imaginem
1590 1385 1634 1423 01
1679 1394 1726 1424 re
1963 1389 2009 1426 et
2045 1380 2308 1439 diuinando
2361 1384 2646 1438 constituere

287 1453 578 1509 coepissent,
642 1451 849 1507 primum
911 1448 1090 1493 multas
1150 1454 1298 1493 terras
1352 1453 1490 1493 notas
1544 1450 1796 1505 ignotasqi.
1911 1464 1942 1496 n
1999 1464 2138 1496 unum
2192 1450 2427 1508 complexi
2481 1454 2645 1508 paucis

287 1520 574 1578 quibusdam
607 1534 659 1564 ac
691 1520 832 1580 certis
862 1518 1141 1564 nominibus
1185 1516 1528 1563 distinxerunt:
1576 1517 1699 1563 nihil
1738 1519 1813 1563 eni
1883 1521 2074 1581 ,certius
2106 1532 2245 1576 quam
2284 1519 2514 1577 physiciS,
2547 1536 2644 1567 11011

285 1589 482 1648 populo,
524 1604 627 1634 eam
657 1586 821 1643 ἠπείρου
852 1589 1096 1632 notionem
1138 1585 1297 1632 deberi
1330 1601 1423 1643 qua
1462 1589 1611 1633 totius
1654 1592 1802 1632 terrae
1833 1591 1996 1644 partes
2027 1589 2273 1640 maximae,
2316 1588 2453 1635 nulla
2483 1603 2643 1636 eorum

285 1658 454 1703 finium
494 1673 613 1715 quos
650 1657 869 1702 homines
902 1658 1152 1701 instituere
1183 1658 1365 1701 ratione
1397 1656 1578 1707 habita,
1610 1656 1949 1711 significentur.
2010 1657 2092 1702 sed
2125 1659 2344 1712 quamuis
2375 1658 2540 1703 acerbe
2571 1657 2644 1704 illi

286 1733 450 1774 contra
480 1728 846 1785 superstitiones
878 1719 1162 1782 fabulaSQue
1190 1727 1456 1782 antiquitus
1489 1724 1689 1770 traditas
1716 1731 1986 1783 pugnarent
2009 1730 2151 1783 atque
2184 1725 2407 1771 audacter
2429 1728 2642 1773 omnium

286 1814 441 1844 rerum
471 1802 695 1843 naturam
728 1800 870 1853 atque
901 1796 1111 1842 rationes
1143 1796 1347 1852 perspici
1380 1800 1421 1840 et
1454 1809 1596 1852 posse
1628 1800 1673 1841 et
1704 1794 1872 1842 debere
1915 1800 2172 1847 censerent,
2213 1809 2295 1853 per
2327 1810 2492 1842 omnes
2523 1799 2640 1843 istas

284 1868 511 1927 physicas
544 1869 752 1914 rationes
795 1870 931 1912 acute
970 1870 1014 1911 et
1046 1879 1172 1911 noue
1204 1866 1498 1921 excogitatas
1530 1864 1773 1923 pellucent
1805 1866 1941 1922 quasi
1973 1863 2094 1910 telae
2117 1867 2421 1923 antiquarum
2453 1865 2640 1913 fabula-

285 1954 406 1990 rum,
452 1952 573 1996 quas
618 1951 702 1995 per
741 1935 1040 1982 saeculorum
1087 1936 1254 1980 seriem
1298 1939 1466 1991 poetae
1509 1935 1814 1992 populusque
1858 1934 1984 1979 laeta
2030 1935 2243 1980 ubertate
2285 1941 2640 1982 contexuerunt.

285 2022 438 2066 neque
470 2007 607 2053 aliter
639 2009 689 2052 111
720 2011 870 2052 terrae
900 2005 1120 2064 partibus
1153 2003 1503 2049 constituendis
1534 2004 1725 2062 physici
1757 2019 1853 2049 rem
1887 2018 2031 2060 egere.
2097 2009 2150 2049 ut
2181 2003 2296 2050 olim
2326 2011 2493 2062 poetae
2525 2005 2641 2052 solis

287 2080 410 2124 ortui
448 2083 494 2123 et
535 2090 751 2123 summae
788 2078 838 2121 in
880 2074 1010 2120 caelo
1054 2076 1251 2118 stationi
1282 2099 1339 2103 —-
1369 2072 1436 2128 ἠοῖ
1464 2073 1491 2114 τ’
1516 2072 1655 2129 τ’,ελίωι
1686 2090 1727 2115 τε
1769 2099 1818 2104 -
1861 2079 2190 2131 opposuerunt
2229 2073 2339 2119 Orci
2379 2079 2542 2132 portas
2583 2074 2641 2119 ad

284 2146 505 2192 ultimam
538 2144 795 2191 occidentis
827 2149 1010 2202 partem
1043 2145 1176 2195 81108,
1218 2145 1284 2187 110
1323 2142 1514 2199 physici
1555 2148 1724 2188 terram
1768 2148 1984 2188 constare
2025 2157 2122 2187 non
2163 2157 2307 2200 posse
2345 2142 2643 2188 crediderunt

285 2218 379 2263 nisi
411 2230 469 2262 ex
500 2215 690 2262 duabus
721 2215 954 2273 partibuS,
985 2212 1133 2257 altera
1164 2211 1225 2256 ad
1258 2214 1485 2257 orientem
1518 2216 1563 2256 et
1594 2212 1836 2258 meridiem
1869 2214 1958 2258 sub
1992 2214 2096 2270 ipso
2129 2212 2232 2258 sole
2263 2213 2369 2264 sita,
2403 2211 2549 2258 altera
2582 2211 2641 2257 ad

287 2287 576 2333 occidentem
623 2291 670 2331 et
713 2286 1086 2343 septentrionem
1134 2281 1305 2338 frigida
1352 2288 1397 2326 et
1440 2282 1651 2327 obscura.
1732 2298 1851 2341 quae
1899 2284 2060 2341 opinio
2109 2296 2251 2340 quam
2291 2284 2497 2328 maxime
2529 2298 2641 2327 0011-

271 2356 463 2403 firmari
510 2355 765 2402 uidebatur
811 2356 878 2399 eis
928 2366 1048 2411 quae
1085 2352 1285 2398 Ionibus
1333 2358 1377 2396 et
1416 2354 1667 2410 praecipue
1707 2352 1911 2397 Milesiis
1958 2355 2006 2397 in
2053 2353 2446 2408 nauigationibus
2495 2366 2641 2411 appa-

283 2427 463 2473 rebant.
501 2431 728 2483 'quarum
760 2424 958 2469 ultimos
989 2422 1109 2467 fines
1142 2423 1290 2466 fuisso
1322 2421 1421 2465 Nili
1453 2422 1774 2480 Phasidisque
1814 2425 1938 2467 ostia
1974 2428 2020 2467 et
2052 2436 2108 2466 ex
2139 2424 2246 2479 ipsa
2275 2421 2477 2466 historia
2508 2426 2555 2465 et
2585 2437 2643 2467 ex

284 2495 483 2541 Pindari
514 2495 668 2540 elucet
697 2495 972 2538 testimonio
1003 2491 1263 2542 luculento,
1294 2490 1580 2535 Xenocratis
1610 2492 1913 2547 Agrigentini
1944 2505 2179 2536 summam
2210 2489 2546 2536 liberalitatem
2577 2492 2644 2536 ita

286 2565 595 2611 describentis
641 2563 824 2619 [isthm.
864 2565 905 2614 2,
943 2561 1048 2616 39]:
1109 2559 1297 2613 οὐδέποτε
1335 2558 1457 2606 ξενίαν
1495 2556 1607 2616 οὖρος
1639 2560 1869 2615 ἐμπνεύσαις
1902 2558 2100 2602 ὑπέστειλ’
2142 2557 2259 2601 ἱστίον
2300 2557 2400 2616 ἀμφὶ
2437 2558 2641 2616 τράπεζαν,

284 2634 378 2676 ἀλλ’
412 2634 534 2690 ἐπέρα
573 2632 659 2674 ποτὶ
700 2631 770 2688 μὲν
809 2632 935 2673 Φᾶσιν
973 2628 1154 2686 θερείαις,
1198 2630 1238 2671 ἐν
1276 2628 1320 2670 δὲ
1357 2632 1516 2685 χειμῶνι
1553 2629 1683 2670 πλέων
1723 2629 1865 2672 Νείλου
1908 2630 2002 2685 πρὸς
2042 2628 2163 2671 ἀκτάν
2204 2628 2283 2674 uel
2324 2643 2382 2674 ex
2412 2628 2641 2686 Euripide

288 2704 458 2760 [Andr.
494 2703 625 2757 650]:
664 2699 712 2757 ἣν
751 2705 851 2759 χρῆν
883 2700 922 2743 0'
957 2699 1131 2743 ἐλαύνειν
1161 2697 1268 2754 τήνδ’
1306 2697 1400 2755 ὑπὲρ
1435 2697 1575 2741 Νείλου
1607 2699 1698 2755 ῥοὰς
1743 2698 1837 2756 ὑπέρ
1866 2716 1908 2742 τε
1945 2700 2082 2741 Φᾶσιν.
2128 2697 2346 2744 Medeam
2377 2700 2427 2745 in
2459 2698 2641 2754 ultimis

283 2780 431 2819 terrae
461 2773 643 2819 finibus
674 2772 921 2817 habitasse
954 2768 1068 2816 dicit
1097 2769 1206 2814 Iaso
1240 2783 1348 2813 cum
1389 2769 1438 2813 in
1471 2767 1698 2813 Colchide
1731 2769 1870 2813 fuerit
1905 2767 2049 2824 [Med.
2085 2767 2208 2822 5401.
2271 2782 2423 2831 neque
2454 2767 2640 2813 alienus

284 2849 357 2889 est
386 2843 522 2889 locus
554 2844 604 2887 in
639 2842 845 2886 carmine
876 2837 1136 2886 Alcestidis
1173 2839 1280 2894 [112
1312 2837 1430 2895 sq.]:

980 2929 1073 2975 ἀλλ’
1109 2929 1200 2973 οὐδὲ
1235 2927 1469 2986 ναυκληρίαν

979 2999 1068 3044 ἔσθ’
1103 2997 1193 3042 ὅποι
1222 3015 1277 3046 τις
1309 2997 1407 3046 Αἴας

979 3068 1132 3117 στείλας
1161 3066 1187 3125 ἢ
1219 3066 1364 3116 Λυκίας
1395 3065 1458 3111 εἴτ’
1494 3066 1555 3111 ἐπὶ
1587 3068 1654 3116 τοὶς
1685 3067 1869 3125 ἀνύδρους

972 3137 1176 3196 Ἄμμωνος
1212 3137 1488 3194 Ιξάμμιυνιοίόας
1520 3138 1677 3192 codd}
1714 3138 1826 3194 ἕδρας

978 3208 1164 3250 δυστάνου
1195 3207 1410 3263 παραλύοει

978 3278 1108 3334 ψυχάν
1129 3309 1138 3319 .
1159 3309 1168 3319 .
