2953 3847
2617 165 2645 207 9

300 304 341 348 si
380 300 474 347 fide
520 300 667 358 digna
707 307 820 347 sunt
852 315 972 358 quae
1002 300 1238 348 Aristides
1270 299 1385 347 dicit
1420 301 1497 357 [48
1535 316 1578 360 p.
1613 305 1712 355 471,
1745 304 1798 346 21
1832 300 2020 357 Dind.]:
2074 296 2108 343 ὦ
2142 300 2375 359 χαριέστατε
2413 299 2648 358 Εὐθύμενες,

301 371 335 414 εἰ
365 369 469 414 ταῦτ’
503 369 638 427 ἀληθῆ
662 367 838 428 Ἔφορος
868 371 972 427 λέγει
1002 387 1062 414 σοι
1099 369 1262 429 φάσκων
1301 371 1438 414 δοκεῖν.
1497 371 1691 430 Ephoro
1732 374 1892 418 autem
1937 376 1991 418 ut
2034 369 2191 418 multa
2233 369 2343 425 alia,
2389 372 2459 417 ita
2503 370 2648 418 huius

299 442 519 488 notitiam
552 441 837 489 Aristoteles
886 440 1074 495 debuit,
1116 443 1198 500 qui
1246 440 1303 488 de
1345 454 1398 489 eo
1439 442 1556 489 haec
1600 442 1747 489 habet
1795 442 1860 500 [p.
1914 445 1995 488 195
2035 441 2104 488 ed.
2137 443 2250 488 min.
2293 441 2457 500 fragm.
2489 439 2627 497 Ros]

300 509 373 553 εἰσὶ
403 509 447 553 δὲ
476 510 515 553 οἳ
541 510 715 567 λέγουσιν
746 507 872 560 αὔξειν
899 511 964 552 τὸν
993 511 1165 566 ποταμὸν
1195 510 1240 552 δι’
1273 510 1428 566 ἐτησίας
1458 514 1539 569 ταῖς
1562 513 1701 568 πηγαῖς
1731 512 1992 568 ἐμπιπτούσης
2022 515 2089 567 τῆς
2120 511 2194 560 ἔξω
2216 510 2428 566 θαλάσσης.
2483 510 2648 557 eodem

299 581 632 638 fere'tempore
674 581 752 626 uel
795 580 959 638 paullo
991 586 1104 639 post
1133 581 1423 626 Artaxerxes
1462 581 1640 635 Ochus,
1678 584 1753 626 uir
1793 583 1916 625 inter
1953 581 2205 627 Persarum
2245 595 2378 638 reges
2410 583 2547 627 unice
2578 581 2648 626 in-

298 652 541 708 geniosus,
586 664 693 697 cum
740 651 994 709 Aegyptiis
1038 653 1168 698 omni
1212 649 1354 698 modo
1408 651 1589 698 bellum
1642 651 1811 698 inferre
1862 650 2009 696 uellet
2052 649 2260 709 Niloque
2314 652 2455 698 unico
2499 655 2648 697 terrae

300 723 529 768 nutritore
559 723 759 780 priuare,
791 735 819 767 a
849 723 965 768 uiris
999 720 1190 767 Graecis
1222 723 1326 768 sine
1357 720 1501 768 dubio
1533 721 1687 768 multa
1722 721 1910 768 audiuit
1940 720 1998 767 de
2029 735 2211 767 conexu
2244 736 2336 780 quo
2366 720 2507 766 Nilus
2540 735 2647 766 eum

299 794 417 836 mari
448 796 641 836 externo
675 794 776 837 siue
807 806 914 836 cum
945 791 1064 837 Indo
1106 794 1485 847 coniungeretur,
1525 806 1610 836 nee
1641 792 1847 837 multum
1880 791 2029 836 defuit
2065 794 2181 849 quin
2212 790 2386 837 Indum
2417 796 2648 837 auerteret

300 867 354 906 ut
393 861 558 906 Nilum
599 863 853 906 exsicca-ret
897 861 973 916 [cf.
1007 861 1204 907 Aristot.
1240 860 1271 906 1.
1305 876 1340 906 c.
1373 876 1417 918 p.
1454 865 1534 907 193
1575 861 1685 918 sq.].
1756 876 1898 918 quam
1941 863 2213 919 opinionem
2255 860 2332 907 uel
2369 860 2646 907 Alexandro

300 933 586 988 imposuisse
618 930 861 976 Nearchus
898 930 1073 985 [Su-ab.
1111 934 1176 983 15,
1206 946 1250 988 p.
1284 934 1370 976 696
1401 930 1502 976 Αιϊ.
1537 930 1673 977 anab.
1708 935 1749 983 6,
1784 931 1828 985 11
1865 936 2027 977 auctor
2057 935 2140 977 est.

506 1000 562 1046 II.
626 999 765 1054 Quod
796 1015 850 1045 ea
881 1015 1000 1058 quae
1031 1002 1271 1058 prooemio
1293 999 1564 1047 Herodotus
1601 1003 1811 1058 exponit,
1844 1000 2088 1059 sophistae
2117 1001 2278 1047 Ionico
2312 1000 2470 1048 deberi
2505 1001 2570 1059 [p.
2594 1000 2642 1055 51

300 1084 444 1128 supra
466 1069 578 1123 dixi,
611 1074 748 1116 erunt
779 1071 900 1115 inter
931 1084 1018 1117 uos
1051 1071 1133 1128 qui
1163 1072 1402 1116 mirentur.
1458 1073 1558 1129 ipse
1590 1072 1716 1117 enim
1748 1072 1849 1117 siue
1881 1070 2049 1116 Persas
2081 1072 2183 1116 siue
2212 1070 2399 1116 Poenos
2430 1075 2645 1117 auctores

302 1138 436 1186 affert
461 1140 506 1196 [l
533 1138 713 1196 Περσέων
745 1139 813 1194 μέν
843 1154 906 1180 νυν
936 1139 971 1181 οἱ
1004 1138 1125 1195 λόγιοι
1156 1154 1250 1196 φασι
1281 1143 1309 1184 ἴ)
1338 1143 1459 1182 ταῦτα
1491 1141 1558 1197 μέν
1590 1155 1654 1181 νυν
1677 1140 1823 1196 Ηέρσαι
1854 1155 1895 1181 τε
1925 1138 1990 1181 καὶ
2012 1139 2188 1186 Φοίνικες
2220 1140 2413 1194 λέγουσι],
2442 1143 2523 1198 qui
2553 1140 2649 1186 alia

300 1214 440 1267 atque
480 1209 647 1255 Graeci
688 1209 1047 1270 rettulerint'ffl
1079 1209 1230 1264 λέγουσι
1263 1209 1421 1266 Πέρσαι,
1451 1209 1521 1251 οὐκ
1562 1207 1867 1264 ὡςἽῧλληνεςΙ.
1927 1214 2166 1266 praeterea
2206 1211 2312 1266 ipsa
2351 1212 2555 1254 narratio
2598 1212 2648 1254 in

301 1280 549 1326 Persarum
581 1279 794 1325 fauorem
825 1273 1088 1339 conposita
1120 1285 1190 1334 est
1235 1285 1280 1324 ct
1319 1278 1365 1324 id
1399 1294 1539 1338 quam
1577 1280 1864 1329 acutissime,
1907 1294 2014 1324 cum
2053 1278 2179 1337 quod
2220 1281 2399 1336 primos
2439 1280 2647 1326 Asianos

299 1350 544 1395 mulierem
568 1349 789 1393 Graecam
822 1340 1043 1410 rapuisse*
1076 1351 1210 1394 initio
1243 1350 1527 1402 conceditur,
1549 1349 1597 1394 id
1628 1354 1794 1406 postea
1827 1348 2026 1394 dubium
2058 1363 2161 1393 esse
2190 1349 2423 1405 probetur.
2487 1355 2645 1394 tamen

300 1434 459 1465 ueram
501 1423 547 1464 et
587 1420 839 1474 genuinam
882 1412 1138 1482 Persiirum
1181 1420 1453 1476 opinionem
1492 1420 1615 1465 hanc
1655 1418 1802 1463 fuisse
1846 1432 1942 1463 non
1983 1417 2095 1463 licet
2135 1416 2318 1463 credere
2360 1419 2535 1475 quippe
2566 1420 2647 1475 qui

300 1504 386 1533 suo
419 1491 517 1544 regi
549 1487 740 1533 deorum
772 1486 868 1532 filio
902 1478 1071 1561 omngia
1102 1491 1159 1534 ab
1180 1490 1320 1545 ,ipsis
1361 1487 1451 1533 diis
1492 1487 1687 1535 subdita
1728 1503 1832 1533 csse
1873 1489 2087 1544 putarint
2123 1486 2354 1545 illumque
2383 1502 2469 1544 pro
2502 1489 2646 1544 impio

299 1565 345 1603 et
395 1560 586 1603 inimico
640 1557 845 1603 habituri
906 1558 1084 1617 fuerint
1140 1560 1220 1615 qui
1278 1558 1335 1604 dc
1390 1561 1515 1614 regio
1580 1560 1774 1616 imperio
1829 1558 2199 1604 controuersiam
2263 1558 2378 1602 iuris
2425 1558 2636 1604 mouerit.

300 1626 585 1672 Graecorum
626 1630 724 1671 erat
762 1624 879 1670 tales
925 1629 1231 1682 quaestiones
1272 1641 1480 1679 niouere;
1534 1627 1643 1673 illos
1685 1641 1782 1672 non
1813 1628 1986 1672 mirum
2026 1628 2195 1671 iterum
2236 1628 2498 1683 iterumque
2538 1625 2636 1670 dis-

298 1701 494 1753 putasse
540 1697 654 1747 utri,
702 1694 870 1739 Persae
917 1710 978 1741 an
1017 1695 1216 1744 ‘lu-aeci.
1257 1698 1356 1742 iure
1403 1696 1810 1752 belligerauerint,
1863 1698 1984 1741 sicut
2025 1700 2191 1752 postea
2237 1694 2539 1750 Thucydides
2585 1695 2641 1739 dc

300 1767 414 1810 iuris
462 1765 797 1812 controuersiis
844 1765 965 1809 inter
1002 1765 1378 1823 Peloponnesios
1425 1772 1468 1811 et
1508 1765 1827 1811 Athenienses
1869 1790 1923 1794 -—
1966 1765 2055 1809 hoc
2096 1766 2223 1810 enim
2255 1763 2492 1820 significat
2522 1762 2640 1804 αἰτίαι

300 1833 426 1892 quod
457 1833 654 1880 ridicule
684 1848 768 1892 pro
800 1836 956 1879 causis
989 1840 1184 1880 sumunt
1218 1837 1300 1893 qui
1330 1850 1456 1881 nun(-
1479 1834 1771 1893 Thucydidis
1802 1834 1977 1881 librum
2011 1833 2257 1879 defendere
2279 1833 2465 1879 malunt
2496 1847 2636 1891 quam

300 1903 572 1961 intellegere
619 1929 671 1932 —
719 1906 1122 1949 accuratissimam
1175 1907 1531 1962 inquisitionem
1569 1907 1789 1949 instituit.
1864 1909 1914 1948 at
1951 1917 2059 1948 cum
2099 1903 2340 1949 Herodoto
2382 1917 2454 1947 res
2501 1904 2638 1947 nobis

300 1979 384 2026 est,
416 1989 513 2020 non
545 1988 652 2018 cum
684 1973 924 2019 Pausania
964 1974 1041 2019 uel
1083 1974 1309 2026 Aeliano;
1356 1974 1437 2020 ille
1475 1980 1594 2020 certe
1627 1990 1676 2019 se
1709 1975 1963 2019 Persarum
1994 1974 2361 2031 Poenorumque
2402 1975 2648 2031 opiniones

300 2044 465 2089 referre
501 2046 702 2102 putauit.
781 2050 831 2088 ut
878 2047 1024 2101 igitur
1063 2037 1234 2089 Persas
1265 2045 1546 2102 Poenosque
1589 2044 1705 2090 talia
1736 2045 1925 2090 saeculo
1959 2046 2125 2101 quinto
2168 2043 2356 2090 locutos
2399 2058 2502 2089 esse
2533 2058 2645 2089 con—

299 2113 476 2165 cedam,
508 2128 816 2171 quaecunque
848 2113 1067 2165 dixerint,
1110 2129 1166 2158 ea
1196 2115 1256 2160 ad
1289 2131 1437 2160 unum
1480 2117 1639 2160 omnia
1670 2130 1698 2159 a
1730 2115 1922 2160 Graecis
1966 2129 2045 2161 eos
2077 2115 2315 2170 accepisse
2346 2112 2466 2165 dico,
2497 2126 2649 2170 neque

299 2198 323 2227 a
357 2182 670 2241 popul-aribus
703 2182 785 2228 sed
818 2185 876 2229 ab
910 2184 1104 2229 homine
1137 2189 1274 2229 acuto
1308 2188 1354 2228 et
1385 2186 1849 2239 argumentationum
1888 2184 2256 2241 sophisticarum
2288 2185 2459 2241 perito:
2512 2196 2649 2228 nemo

299 2254 424 2296 enim
479 2244 765 2297 Graecorum
823 2252 884 2297 ad
942 2253 1168 2299 barbaros
1224 2253 1308 2298 illo
1365 2258 1572 2310 tempore
1632 2253 2019 2309 proficiscebatur
2073 2254 2167 2298 nisi
2223 2253 2301 2299 uel
2354 2251 2518 2298 exules
2570 2251 2646 2297 uel

300 2321 543 2379 sophistae
575 2321 652 2367 uel
684 2324 725 2367 ei
758 2323 932 2379 quibus
965 2328 1217 2379 utrumque
1259 2338 1432 2370 nomen
1475 2328 1583 2380 apte
1626 2322 1726 2369 indi
1763 2328 1937 2380 posset.
2009 2337 2161 2379 neque
2202 2320 2376 2366 desunt
2416 2319 2648 2367 eiusmodi

299 2391 621 2449 sophistarum
656 2393 881 2448 uestigia:
932 2391 1083 2438 latent
1115 2393 1239 2438 enim
1272 2396 1317 2438 ct
1348 2407 1407 2438 ne
1446 2392 1596 2439 latent
1634 2391 1838 2450 quidem,
1871 2394 1964 2438 nisi
2004 2391 2111 2438 aliis
2152 2391 2285 2443 locis,
2323 2396 2448 2438 certo
2480 2393 2529 2437 in
2560 2391 2648 2437 hac

299 2462 708 2518 argumentatione
743 2460 835 2517 [4]:
884 2461 999 2519 μέχρι
1037 2460 1105 2517 μὲν
1135 2457 1186 2503 ὧν
1222 2461 1367 2504 τούτων
1405 2461 1582 2519 ἁρπαγὰς
1615 2461 1757 2518 μούνας
1789 2461 1885 2504 εἶναι
1915 2460 2001 2518 παρ’
2037 2460 2232 2517 ἀλλήλων,
2263 2461 2305 2502 τὸ
2337 2459 2380 2502 δὲ
2411 2459 2487 2502 ἀπὸ
2516 2460 2649 2502 τούτου

287 2529 489 2586 ’Έλληνας
519 2530 568 2586 δὴ
601 2530 779 2585 μεγάλως
811 2530 953 2578 αἰτίους
991 2531 1190 2586 γενέσθαι·
1231 2531 1436 2587 προτέρους
1474 2532 1546 2587 γὰρ
1588 2530 1700 2588 ἄρξαι
1740 2532 2019 2588 στρατεύεσθαι
2051 2532 2089 2577 ἐς
2129 2530 2197 2585 την
2233 2528 2360 2585 Ἀσίην
2391 2527 2416 2585 ἦ
2453 2530 2572 2586 σφέας
2611 2532 2648 2577 ἐς

298 2599 365 2655 τὴν
396 2598 597 2656 Εὐρώπην.
652 2599 694 2641 τὸ
727 2600 796 2655 μέν
826 2615 889 2641 νυν
920 2599 1104 2656 ἁρπάζειν
1134 2601 1315 2655 γυναῖκας
1346 2599 1492 2658 ἀνδρῶν
1522 2600 1667 2642 ἀδίκων
1698 2600 1863 2657 νομίζειν
1905 2600 2014 2657 ἔργον
2058 2599 2165 2649 εἶναι,
2205 2599 2249 2640 τὸ
2280 2598 2323 2640 δὲ
2354 2598 2648 2655 ἁρπασθεισέων

300 2669 467 2724 σπουδὴν
510 2668 750 2724 ποιήσασθαι
790 2672 968 2725 τιμωρεῖν
1000 2668 1184 2723 ἀνοήτων,
1225 2670 1268 2710 τὸ
1300 2668 1343 2710 δὲ
1383 2668 1574 2725 μηδεμίαν
1611 2666 1712 2726 ὤρην
1745 2669 1849 2727 ἔχειν
1883 2669 2104 2726 σωφρόνων.
2174 2668 2404 2713 Helenam
2446 2684 2542 2714 non
2573 2671 2645 2713 in-

301 2740 450 2783 uitam
494 2753 597 2782 csse
638 2737 891 2784 abductam
931 2743 1042 2795 post
1082 2738 1407 2785 Stesichorum
1449 2738 1589 2784 inulti
1631 2739 1851 2784 dixerunt
1893 2743 2045 2795 neque
2084 2752 2141 2783 ex
2181 2739 2269 2783 hac
2310 2753 2356 2783 re
2398 2740 2645 2795 quicquam

302 2806 582 2855 concludere
629 2809 798 2860 ausim,
849 2810 938 2854 etsi
988 2807 1234 2865 sophistas
1286 2810 1537 2866 praecipue
1588 2808 1820 2854 Helenam
1876 2806 2193 2854 accusandam
2244 2807 2336 2854 sibi
2386 2808 2647 2865 sumpsisse

299 2875 542 2935 Euripidis
571 2876 777 2923 Troades
810 2883 855 2923 et
887 2877 1089 2933 Gorgiae
1118 2876 1399 2923 declamatio
1433 2870 1613 2924 docent.
1669 2878 1750 2923 sed
1784 2878 1990 2924 Graecos
2026 2876 2152 2935 quod.
2183 2882 2372 2934 propter
2401 2875 2643 2922 mulierem

298 2945 609 2993 libidinosam
649 2948 794 2993 Asiae
840 2947 1020 2994 bellum
1053 2947 1344 3000 intulissent,
1391 2947 1625 2993 stultitiae
1666 2950 1896 3000 incusare,
1937 2948 2026 2992 hoc
2065 2952 2162 2991 crat
2203 2946 2524 3003 sophistarum
2567 2948 2648 3003 qui

299 3015 486 3061 fabulas
522 3021 567 3062 et
596 3016 797 3072 gloriam
828 3019 1059 3062 maiorum
1092 3019 1158 3061 ita
1199 3019 1248 3063 in
1281 3023 1605 3075 contemptum
1647 3022 1890 3062 uerterunt
1921 3022 1974 3061 ut
2006 3031 2063 3060 ex
2095 3030 2247 3060 rerum
2281 3016 2476 3059 ueritate
2508 3017 2645 3059 meti-

298 3090 458 3130 rentur
503 3090 549 3130 et
594 3085 830 3132 metiendo
888 3085 1110 3131 delerent.
1198 3091 1362 3144 atquc,
1406 3101 1464 3131 ne
1505 3100 1680 3131 meram
1727 3089 2045 3132 coniecturam
2092 3100 2164 3129 me
2209 3084 2411 3142 proferre
2456 3086 2647 3141 putetis,

297 3152 461 3199 eadem
492 3156 752 3213 increpatio
784 3154 902 3201 belli
933 3147 1124 3201 Troiani
1156 3155 1277 3202 redit
1308 3155 1437 3215 apud
1468 3155 1743 3214 Euripidem
1781 3155 1950 3212 [Andr.
1985 3154 2118 3209 605J:
2161 3151 2304 3196 κᾶπειτ’
2339 3151 2487 3207 ἐκείνης
2517 3151 2643 3211 οὕνεχ’

292 3221 496 3277 Ἑλλήνων
527 3220 645 3281 ὄχλον
684 3223 826 3266 τοσόνδ’
861 3223 1049 3280 ἀθροίσας
1089 3221 1231 3281 ἤγαγες
1269 3226 1362 3282 πρὸς
1392 3222 1528 3267 Ἴλιον·
1569 3222 1615 3281 ἢν
1646 3229 1744 3282 χρῆν
1787 3224 1816 3266 σ’
1837 3224 2108 3266 ἀποπτύσαντα
2146 3223 2198 3278 μὴ
2239 3224 2352 3263 κινεῖν
2389 3221 2493 3278 δόρυ,
2524 3224 2648 3278 κακὴν

297 3290 504 3346 ὲφευρόνέ,
535 3291 619 3334 ἀλλ’
655 3295 722 3336 ἐᾶν
754 3293 873 3336 αὐτοῦ
904 3295 1029 3349 μένειν
1060 3294 1199 3350 μισθόν
1228 3310 1271 3336 τε
1309 3293 1424 3336 δόντα
1465 3293 1600 3350 μήποτ’
1637 3295 1689 3341 εἰς
1719 3291 1846 3341 οἴκους
1879 3295 2019 3351 λαβεῖν.
2080 3306 2198 3350 quae
2230 3306 2340 3336 uero
2373 3293 2423 3336 in
2454 3291 2646 3338 Andro-

299 3359 466 3404 macha
498 3361 652 3407 obiter
680 3365 843 3419 tetigit
868 3363 1135 3422 EuripideS,
1167 3377 1224 3408 ea
1252 3363 1347 3409 late
1379 3368 1424 3409 et
1455 3362 1557 3407 fuse
1588 3365 1637 3407 in
1663 3362 1871 3421 Telepho
1904 3363 2180 3420 exposuisse
2211 3360 2409 3406 uidetur.
2473 3376 2531 3407 ex
2562 3362 2647 3418 frg.

299 3431 424 3474 enim
449 3432 532 3475 722
556 3436 600 3475 et
624 3434 707 3477 723
739 3433 828 3479 sub
851 3432 995 3478 finem
1027 3433 1216 3479 fabulae
1238 3433 1645 3490 Agamemnonem
1678 3438 1722 3477 et
1750 3432 2018 3478 Menelaum
2051 3433 2261 3476 rixantes
2293 3444 2397 3475 esse
2427 3430 2649 3478 inductos
