2953 3847
2580 160 2632 207 17

283 308 481 357 λέλειπται
512 306 596 357 ubi
625 305 943 354 accusationis
976 303 1240 364 specimina
1258 300 1337 350 uel
1359 302 1516 362 capita
1537 299 1881 360 significantur,
1911 300 2233 359 praetermitto
2257 298 2632 357 Aristophanem

289 380 436 438 [Plut.
469 378 577 435 317]
629 376 729 425 εἶδος
774 390 859 435 pro
906 377 1124 428 carmine,
1172 376 1286 420 artis
1333 374 1543 419 musicae
1583 373 1856 430 specimine
1901 374 2179 429 ponentem:
2226 367 2461 415 latissime
2506 369 2632 413 enim

287 450 405 497 haec
436 449 575 496 uocis
596 446 702 495 εἶδος
733 445 1017 503 significatio
1058 447 1107 490 in
1148 445 1456 502 antiquorum
1496 442 1738 488 rhetorum
1777 439 2033 498 disciplina
2062 443 2205 498 patet.
2267 439 2334 483 ibi
2365 440 2492 484 enim
2523 436 2633 483 inde

288 533 316 564 a
345 517 691 575 Thrasymachi
723 515 1020 572 Gorgiaeque
1051 519 1202 559 aetate
1234 512 1483 559 uocabulis
1516 511 1615 558 εἶδος
1657 517 1739 556 aut
1774 510 1862 552 ἰδέα
1902 512 2062 556 01111116
2094 510 2322 554 orationis
2355 513 2632 554 ornamenta

284 594 329 634 et
359 586 583 634 suadelae
614 584 821 632 remedia
850 585 1142 630 notabantur
1173 584 1349 662 quippe
1379 596 1500 639 quae
1533 582 1646 626 artis
1679 582 1910 627 oratoriae
1941 580 2133 637 propria
2173 583 2220 623 et
2250 576 2630 637 praeclarissima

285 658 546 716 specimina
567 659 742 701 essent.
803 655 1205 711 antiquissimum,
1236 653 1286 697 ni
1307 652 1544 697 memoria
1550 665 1623 695 me
1645 649 1782 703 fallit,
1814 651 2143 695 testimonium
2175 652 2309 694 extat
2340 649 2389 693 in
2409 646 2629 693 Platonis

284 726 501 774 Phaedro
532 740 577 784 p.
611 727 696 771 272
713 739 741 770 a
771 728 892 767 ταῦτα
922 722 952 766 δ’
986 719 1063 805 ἤδη
1094 721 1219 766 πάντα
1250 720 1388 779 ἔχοντι,
1420 719 1672 777 προσλαβόντι
1702 720 1857 777 καιροὺς
1896 723 1963 763 τοῦ
1999 718 2094 762 πότε
2124 717 2279 761 λεκτέον
2309 715 2375 760 καὶ
2406 717 2630 775 ἑπισγετέον

283 794 543 854 βραχυλογίας
581 811 623 837 τε
664 790 714 837 αὖ
751 811 817 836 και
854 791 1110 848 ἐλεινολογίας
1151 790 1216 833 καὶ
1257 790 1469 836 δεινώσεως
1511 789 1683 832 εκάστων
1725 806 1766 831 τε
1805 787 1859 831 ὅσ’
1894 787 1940 831 ἂν
1973 787 2057 843 εἴδη
2089 787 2216 844 μάθηι
2246 786 2383 841 λόγων,
2422 786 2630 844 plurima

285 865 413 925 apud.
443 865 701 911 Isocratem
734 863 937 921 Gorgiae
978 865 1027 907 in
1059 862 1146 907 hac
1177 876 1226 906 re
1255 859 1405 906 fidum
1446 858 1687 905 asseclam.
1756 869 1807 904 ut
1846 858 2021 915 legitur
2063 860 2254 912 15,183
2298 856 2374 913 [cf
2421 857 2627 939 13,16]:

284 935 439 979 ἐπειδᾶν
477 934 551 992 γὰρ
591 933 741 991 λάβωσι
780 932 972 991 μαθητάς,
1013 932 1049 974 οἱ
1089 930 1158 988 μὲν
1193 928 1436 987 παιδοτρίβαι
1475 929 1521 971 τὰ
1562 927 1746 986 σχήματα
1785 928 1831 970 τὰ
1873 928 1965 984 πρὸς
2003 928 2071 984 τὴν
2102 926 2271 984 ἀγωνίαν
2314 926 2510 983 εὑρημένα
2540 927 2627 974 τούς

284 1008 491 1063 φοιτῶντας
537 1003 789 1053 ὓῑθάσκθηὶῦῑν
835 1003 870 1045 Ol.
916 1019 960 1044 03
1005 1000 1090 1059 ΤΞρὶ
1135 1001 1203 1056 τὴν
1247 997 1479 1057 φῑὶοσῠφίαθ
1523 1015 1626 1045 οντες
1671 998 1738 1045 τάξ
1782 998 1889 1044 ἷΟΞαζ
1934 997 2088 1044 &³4:523
2130 997 2189 1044 αἷς
2234 997 2255 1039 ὁ
2295 996 2408 1051 >QUO
2448 1013 2629 1079 ωἶῖανῗῑ

283 1075 492 1134 χρώμενος,
522 1073 781 1131 διεξέρχονται
817 1074 894 1121 τοῖς
925 1072 1118 1129 μαθηταῖς
1149 1069 1227 1115 1161
1261 1072 1328 1123 12,
1359 1071 1386 1114 2
1421 1068 1495 1124 [cf.
1528 1072 1568 1121 2
1599 1071 1668 1114 48.
1700 1072 1742 1115 9
1773 1071 1811 1113 9
1848 1067 2129 1122 15,11.47]
2171 1066 2350 1123 (l61003)
2381 1069 2530 1110 πολλῶν
2560 1066 2629 1123 μὲν

285 1142 567 1201 ἐνθυμημάτων
603 1142 800 1200 γέμοντας,
841 1141 921 1185 0615
940 1140 1090 1199 ’ὀλίγων
1131 1138 1161 1181 δ’
1203 1138 1436 1182 ἀντιθέσεων
1476 1137 1540 1181 καὶ
1581 1136 1831 1194 παρισώσεων
1868 1135 1933 1179 καὶ
1974 1140 2044 1179 τῶν
2075 1133 2205 1179 ἄλλων
2234 1136 2345 1179 ἰδεῶν
2374 1139 2446 1178 τῶν
2478 1137 2517 1178 ἐν
2547 1138 2628 1184 ταῖς

284 1211 498 1271 ῥητορείαις
529 1215 824 1269 διαλαμπουσῶν
845 1229 911 1254 ’κα
947 1212 1049 1284 Χτοὺς
1089 1208 1296 1260 ἀκούοντας
1342 1206 1665 1262 ἐπισημαίνεσθαι
1705 1205 1768 1248 καὶ
1811 1207 1986 1262 θορυβεῖν
2026 1205 2331 1261 ἀναγκαζουσῶν.
2406 1208 2471 1251 ita
2517 1221 2626 1251 uel-0

284 1283 429 1327 huius
460 1280 686 1327 uocabuli
717 1271 868 1334 orat-61·
899 1296 925 1325 a
1013 1295 1070 1339 ns
1101 1279 1172 1326 est
1215 1283 1265 1322 ut
1303 1292 1402 1323 non
1439 1276 1496 1321 de
1535 1278 1649 1321 artis
1691 1278 1923 1322 oratoriae
1965 1280 2152 1321 tantum
2190 1274 2420 1332 exemplis
2453 1279 2626 1326 utatur,

285 1351 369 1397 Sed
409 1351 687 1410 Simpliciter
725 1349 780 1394 de
811 1351 1024 1408 exemplo
1074 1343 1132 1394 -111,
1173 1351 1238 1402 15,
1270 1351 1325 1392 74
1362 1345 1427 1388 καὶ
1465 1350 1529 1388 νῦν
1560 1344 1611 1387 ὅτ’
1653 1344 1698 1387 οὐ
1730 1345 1844 1401 μόνον
1881 1347 2025 1401 μικροῖς
2067 1345 2220 1401 μέρεσιν
2258 1344 2340 1387 ἀλλ’
2375 1342 2478 1391 ὅλοις
2510 1343 2626 1386 εἴδεσι

1071 1419 1088 1466 1
1120 1419 1259 1464 etiam
1291 1416 1519 1461 audacius
1550 1419 1590 1468 3,
1621 1419 1678 1460 44
1713 1415 1789 1470 [cf.
1813 1415 1916 1469 3012
1958 1415 2035 1471 χρὴ
2067 1414 2110 1456 δὲ
2140 1414 2361 1469 δοκιμάζειν
2390 1414 2457 1461 τάς
2488 1412 2625 1470 ἀρετάς

1054 1507 1081 1540 ς,
1112 1487 1212 1530 ἀλλά
1249 1486 1317 1541 τήν
1349 1484 1417 1540 μὲν
1447 1484 1690 1539 δικαιοσύνην
1722 1486 1761 1525 ἐν
1801 1486 1882 1531 ταῖς
1914 1483 2104 1540 ἀπορίαις,
2135 1484 2202 1540 τὴν
2233 1483 2276 1525 δὲ
2308 1483 2556 1540 σωφροσύνην
2587 1485 2626 1525 ἐν

283 1420 520 1505 προειλόμην
547 1420 720 1502 χρησθαι
751 1418 841 1476 πρὸς
873 1417 971 1474 ὑμας

283 1506 354 1531 002(
385 1491 424 1531 ἐν
454 1491 536 1537 ἀἶς
577 1487 709 1535 notak
749 1487 867 1534 ἰΟΞαῑς
908 1487 990 1529 ἀπα

285 1560 367 1606 ταῖς
397 1557 647 1609 δυναστείαις,
678 1573 744 1613 την
774 1555 804 1599 δ’
839 1557 991 1614 ἐγκράτε
996 1575 1033 1599 α
1097 1561 1135 1600 ἐν
1166 1558 1246 1603 ταῖς
1277 1559 1348 1597 τῶν
1377 1555 1575 1612 νεωτέρων
1605 1553 1783 1611 ἡλικίαις.

489 1644 533 1686 p
567 1632 723 1679 46,19
764 1626 827 1669 καὶ
865 1631 930 1668 τῶι
969 1627 1077 1681 ὠφελ

245 1705 250 1708 “
283 1700 405 1753 λῆσαν
451 1696 517 1740 καὶ
567 1714 694 1740 ειτεωι
744 1696 824 1753 [ὅτε
871 1713 912 1739 εκ
971 1711 1040 1749 τῳ
1072 1690 1273 1742 0011·.Α
1320 1711 1353 1737 ει
1384 1711 1418 1737 τι
1450 1694 1476 1737 τ’
1518 1695 1569 1739 Μ
1608 1711 1672 1736 οτε
1716 1684 1867 1741 editor
1916 1710 2010 1740 non
2054 1694 2244 1751 Graece]
2291 1694 2521 1751 §.vivifi-qaum
2566 1698 2629 1736 τῶι

282 1767 473 1823 βλαβῆναι
503 1764 560 1809 ὅτι
590 1763 638 1822 ἦν
667 1783 701 1809 τι
733 1767 775 1809 τὸ
806 1766 881 1822 ‚SM
885 1770 970 1823 ψαν.
1030 1766 1078 1808 τά
1108 1766 1181 1822 (ἀρ
1212 1769 1277 1808 τῶι
1305 1763 1532 1821 (ι’γρελῆσθαι
1561 1781 1625 1806 και
1656 1764 1703 1806 τά
1733 1768 1799 1806 τῶι
1837 1764 2060 1822 βεβλάφθαι
2089 1763 2281 1822 ωρισμένα
2321 1763 2368 1807 οὐ
2397 1767 2471 1812 πᾶς
2502 1764 2629 1811 ἱκανὸς

282 1839 438 1892 γνῶναιε
471 1849 623 1893 neque
655 1838 781 1881 enim
813 1837 1060 1893 imperitus
1092 1837 1230 1881 nouit
1267 1836 1350 1892 qui
1389 1833 1508 1878 fines
1548 1833 1745 1878 iuuandi
1789 1839 1834 1878 et
1865 1834 2066 1879 nocendi
2097 1833 2316 1879 remediis
2349 1833 2625 1879 naturaliter

285 1907 534 1951 constituti
580 1907 688 1950 sint.
761 1918 872 1951 nam
922 1907 1093 1950 iuuant
1134 1908 1399 1961 nocentque
1441 1917 1537 1949 non
1577 1908 1673 1948 tam
1713 1905 1818 1960 ipsa
1863 1903 2070 1948 remedia
2115 1917 2257 1961 quam
2305 1917 2465 1949 eorum
2511 1917 2626 1947 usus

283 1974 361 2019 uel
391 1988 422 2031 p
456 1991 480 2032 r
500 1989 562 2019 -us
595 1974 673 2018 uel
705 1976 881 2019 nimius
915 1973 989 2029 [τῆι
1021 1973 1166 2015 τούτων
1197 1977 1366 2030 ταραχῆι
1404 1987 1448 2030 p.
1481 1976 1549 2024 46,
1585 1971 1664 2028 19]-
1725 1974 1821 2017 iam
1862 1975 2012 2030 siquis
2052 1973 2328 2018 ualetudine
2358 1979 2627 2030 recuperata

284 2045 410 2095 uitae
607 2057 655 2089 es
695 2049 739 2088 ct
778 2042 983 2088 remedia
1013 2048 1134 2089 recte
1163 2042 1447 2089 laudaturus
1472 2041 1556 2095 ,uel
1587 2044 1890 2088 incusaturus
1923 2047 2008 2095 est,
2040 2042 2130 2089 hoc
2161 2045 2276 2089 artis
2309 2048 2399 2088 cst:
2440 2043 2473 2084 εἰ
2504 2040 2625 2084 τοίνυν

283 2111 418 2168 ἐπιστή
565 2113 590 2169 ἣ
640 2113 782 2155 ἶ·αινεῖν
812 2109 838 2166 ἤ
869 2112 917 2168 ψέ
919 2127 998 2167 (ειν
1023 2111 1044 2153 ὁ
1066 2128 1231 2167 νοσησας
1261 2115 1332 2153 τῶν
1362 2110 1624 2167 διαιτημάτων
1655 2126 1689 2152 τι
1719 2109 1754 2152 οἷ
1758 2127 1813 2152 σιν
1851 2109 1884 2152 6
1882 2111 2026 2166 [ιάνθη.
2057 2111 2181 2154 πάντα
2211 2115 2332 2154 ταῦτα
2362 2127 2427 2166 της
2456 2111 2556 2167 ἰητρι
2560 2128 2627 2166 κης

283 2180 392 2223 ἔστιν.
441 2183 630 2265 pamma
621 2131 763 2228 3clara
793 2185 837 2225 ct
866 2179 1012 2238 plana
1043 2194 1194 2238 neque
1225 2182 1537 2225 recentiorum
1568 2178 2016 2237 interpolationibus
2051 2195 2170 2238 opus
2203 2187 2285 2225 est.
2340 2180 2395 2225 de
2418 2185 2646 2238 tempore,

282 2251 402 2297 futu
387 2249 510 2385 so
500 2265 530 2297 n
563 2268 603 2295 s
587 2243 789 2298 utentia
820 2249 1136 2296 condicionali
1167 2250 1220 2295 cf.
1255 2265 1290 2296 6.
1322 2264 1365 2306 g.
1398 2249 1568 2295 Herffod
1602 2253 1644 2303 4,
1675 2253 1742 2295 45.

620 2355 630 2372 ,
666 2324 686 2363 1
719 2319 806 2366 τοὺς
837 2319 866 2360 δ’
902 2321 941 2361 ἐν
981 2335 1082 2375 τηισι
1122 2324 1191 2361 τῶν
1228 2319 1563 2375 ἀποθνηισκόντων
1602 2323 1833 2376 συμφορῆισι
1869 2320 1937 2375 τήν
1977 2320 2115 2378 τέχνην
2152 2319 2270 2362 ἀσανί
2277 2324 2357 2368 ζοντ
2359 2337 2403 2367 ας
2445 2319 2618 2376 θωμάζω

1092 1629 1205 1682 ,σθαι
1244 1626 1369 1680 πολλη
1411 1624 1485 1666 ἀνά
1487 1642 1559 1680 γκη
1592 1624 1720 1672 αὐτοις
1761 1627 1860 1667 ἐστιν
1893 1625 2101 1680 ἐίνωκέναι
2143 1641 2201 1666 οτι
2241 1642 2288 1679 ην
2321 1627 2421 1677 (τι)
2455 1625 2497 1666 τδ
2528 1624 2627 1680 ὠφε-

281 2341 510 2441 ὅτειμίιρ
422 2361 671 2448 ,aa-tm},‹1p3vot
703 2388 747 2430 d·
733 2388 912 2446 ζιόχρεωι
942 2389 1100 2445 λό(ωι
1082 2405 1179 2446 την
1171 2388 1239 2430 μέν
1268 2393 1341 2430 τῶν
1362 2388 1699 2444 ἀποθνηισκόντων
1730 2388 1787 2430 ἀτ
1798 2406 1819 2429 υ
1831 2389 1945 2446 χίην
1981 2392 2060 2444 {ita
2082 2392 2139 2443 A
2171 2389 2356 2446 ἀκρασίην
2377 2391 2427 2434 NI
2453 2389 2623 2447 ἀψυχίην

283 2457 446 2518 editorj
477 2455 651 2512 ἀναιτίην
682 2459 899 2508 καθιστᾶσι,
930 2459 998 2514 τὴν
1028 2457 1072 2499 δὲ
1102 2463 1173 2499 τῶν
1203 2459 1270 2514 τήν
1299 2458 1473 2515 ἰητρικὴν
1505 2458 1796 2514 μελετησάντων
1829 2459 1974 2500 σύνεσιν
2007 2458 2140 2514 αἰτίην.
2200 2458 2340 2516 ἀτυχία
2371 2464 2443 2502 est
2473 2461 2623 2515 Siquis

284 2542 481 2584 scopum
513 2530 813 2584 propositum
843 2533 1001 2572 mente
1032 2534 1078 2572 et
1109 2529 1309 2574 consilio
1340 2530 1492 2581 nouit,
1524 2527 1606 2571 sed
1637 2543 1783 2573 manu
1821 2536 1866 2573 et
1897 2532 2081 2573 actione
2122 2544 2217 2573 11011
2256 2530 2452 2584 contigit
2482 2526 2537 2583 [τὸ
2570 2528 2625 2583 μὴ

281 2592 468 2637 δι’έαυτὸν
510 2595 611 2659 ἀλλὰ
654 2594 699 2638 δι’
734 2595 885 2653 ἑτέρους
921 2596 1023 2644 τινὰς
1055 2593 1081 2653 ἦ
1111 2596 1175 2639 διὰ
1206 2596 1328 2654 τύχην
1368 2595 1488 2653 μηδὲν
1528 2597 1713 2638 ἐπιτελεῖν
1753 2601 1824 2639 τῶν
1863 2597 2147 2653 βουλευθέντων
2177 2601 2302 2644 καλῶς
2333 2594 2496 2654 ἀτυχίαν
2526 2594 2624 2638 τίθει

281 2663 502 2709 Anaxim.
545 2680 589 2723 p.
622 2668 693 2718 24,
730 2669 756 2710 8
789 2664 886 2723 Sp,
924 2665 1142 2711 similiter
1182 2666 1326 2711 Arist.
1369 2666 1485 2710 rhet.
1522 2666 1553 2708 A
1589 2670 1642 2711 13
1679 2681 1723 2725 p.
1759 2668 1910 2712 1374b
1944 2667 1996 2723 5].
2070 2669 2253 2711 utinam
2292 2668 2435 2723 igitur
2474 2665 2625 2710 editor

281 2748 309 2777 a
349 2733 520 2781 litteris
567 2737 726 2793 inepte
772 2734 1000 2781 rimandis
1048 2736 1375 2789 abstinuisset,
1430 2735 1513 2781 sed
1565 2735 1863 2783 luculentum
1918 2737 2007 2782 hoc
2055 2738 2309 2793 uestigium
2354 2735 2624 2793 reliquisset

283 2801 664 2862 disputationum
711 2805 1094 2863 sophisticarum,
1141 2820 1344 2863 quarum
1390 2806 1617 2864 reliquiae
1663 2806 1799 2852 facile
1845 2813 2166 2862 agnoscuntur
2212 2809 2261 2851 in
2309 2805 2624 2863 Antiphontis

281 2872 531 2929 teti-alogia
562 2873 710 2920 altera
744 2874 820 2930 [cf.
842 2890 865 2930 γ
886 2873 934 2929 8]
971 2879 1017 2919 01
1045 2873 1208 2933 lepida
1237 2873 1323 2920 illa
1343 2876 1557 2920 irrisione
1589 2890 1731 2933 quam
1758 2881 1922 2922 contra
1942 2875 2277 2921 Antisthenem
2300 2875 2622 2932 sophistarum

284 2939 573 3000 discipulum
605 2942 745 2989 Plato
779 2945 829 2989 in
860 2943 1166 3001 Euthydemo
1203 2944 1268 3001 [p.
1303 2947 1429 2989 2790
1461 2944 1552 3002 sq.]
1587 2947 1808 2991 instituit.

485 3026 529 3070 p.
553 3015 623 3066 54,
657 3016 709 3058 18
740 3011 921 3055 δύνανται
951 3012 995 3055 δὲ
1024 3012 1101 3055 οἷσι
1129 3012 1178 3055 τά
1205 3028 1248 3055 τε
1277 3016 1344 3068 τῆς
1374 3012 1551 3069 παιδείης
1582 3014 1635 3070 μὴ
1667 3014 1836 3056 ἐκποδὼν
1865 3012 1913 3056 τά
1942 3029 1983 3055 τε
2015 3017 2079 3069 τῆς
2110 3012 2243 3070 φύσιος
2281 3013 2334 3069 μὴ
2368 3011 2626 3069 ἀταλαίπωρα

285 3079 373 3135 [ita
412 3081 472 3136 A,
516 3080 748 3140 ταλαίπωρα
788 3082 840 3127 Μ
877 3087 924 3128 61
963 3081 1167 3138 editor].⁷
1228 3097 1287 3128 ne
1331 3082 1444 3129 huic
1489 3098 1679 3129 seuerae
1726 3089 1771 3129 et
1816 3085 1998 3129 ieiunae
2053 3084 2167 3128 artis
2214 3082 2446 3141 opusculo
2494 3085 2627 3131 iocus

279 3151 497 3209 risusque
536 3150 673 3206 desit,
714 3151 862 3198 facere
901 3167 998 3198 non
1034 3167 1233 3211 possum
1275 3154 1391 3211 quin
1428 3155 1694 3199 uersionem
1734 3166 1875 3211 quam
1921 3152 2173 3199 uerborum
2214 3152 2261 3195 τὰ
2299 3156 2366 3209 τῆς
2406 3152 2542 3210 φύσιος
2573 3153 2627 3209 μὴ

277 3218 508 3278 ταλαίπωρα
538 3221 690 3268 editor
719 3224 970 3281 proposuit
1003 3222 1217 3269 afferam:
1265 3222 1381 3275 Jem,
1422 3223 1543 3273 deren
1574 3223 1717 3267 Natur
1745 3222 1858 3265 nicht
1892 3222 2155 3265 widerstrebt.
2228 3227 2434 3269 ceterum
2475 3224 2626 3281 siquis

120 3311 245 3397 b
279 3292 491 3336 uestrum
543 3290 779 3339 eiusmodi
831 3291 1106 3339 deliciarum
1152 3306 1318 3339 amans
1367 3298 1461 3347 est,
1504 3307 1611 3338 eum
1656 3307 1824 3339 moneo
1872 3297 1926 3337 ut
1975 3296 2124 3337 totam
2176 3293 2317 3338 istam
2359 3295 2624 3340 uersionem

279 3356 531 3414 diligenter
578 3361 812 3419 perlegat;
879 3362 1011 3408 haud
1054 3362 1209 3409 leuem
1252 3362 1613 3409 delectationem
1657 3362 1766 3408 inde
1812 3364 1974 3420 capiet.
2061 3368 2114 3407 ut
2160 3361 2221 3407 ad
2261 3362 2421 3409 locum
2467 3365 2626 3422 ipsum

275 3425 486 3480 redeam.
527 3433 796 3490 quicunque
841 3432 1165 3491 sophistarum
1205 3437 1251 3478 et
1294 3433 1537 3480 rhetorum
1577 3431 1753 3477 saeculi
1797 3434 1953 3489 quinti
1990 3437 2037 3477 et
2078 3434 2235 3489 quarti
2275 3432 2627 3492 disputationes
