2953 3847
301 164 328 209 6

304 301 593 348 Graecorum
615 302 858 360 Europam
881 315 998 353 esse,
1022 315 1164 359 quam
1187 299 1449 348 doctrinam
1479 304 1635 358 tangit
1656 300 1926 349 Herodotus
1961 302 2025 359 [1,
2047 299 2111 358 41.
2175 318 2232 349 ex
2254 301 2416 350 eadem
2439 301 2654 351 doctrina

301 369 565 430 Sophocles
608 371 713 428 [frg.
750 370 883 426 1018]
924 371 1131 417 Atossae
1171 371 1470 429 Aeschylcae
1508 375 1827 418 narrationem
1869 372 2003 418 illam
2024 412 2026 418 .
2044 372 2102 418 de
2141 372 2329 420 duabus
2369 373 2651 420 mulieribus

301 439 482 486 Graeca
512 445 559 486 et
593 441 797 486 barbara
831 440 980 496 [Pers.
1017 444 1095 486 181
1130 440 1223 497 sq]
1285 443 1564 486 immutasse
1595 441 1797 492 uidetur,
1838 448 1891 486 ut
1930 443 2069 487 refert
2100 443 2333 500 Aeschyli
2374 442 2649 493 scholiasta,

300 512 437 554 cuius
470 509 627 555 'fidem
672 512 732 556 ab
779 509 1050 555 Herodiano
1102 515 1357 566 personato
1410 510 1737 557 confirmatam
1785 510 2031 557 Nauckius
2078 514 2283 567 irrogare
2329 527 2427 560 non
2473 510 2648 559 debuit.

298 578 503 637 denique
549 578 740 625 saeculo
789 583 957 637 quarto
1015 578 1148 624 illam
1200 583 1425 624 terrarum
1474 578 1858 627 distributionem
1906 583 1955 627 in
2002 583 2160 638 ipsum
2206 583 2337 639 pacis
2378 583 2532 638 regiae
2575 583 2648 627 in—

297 653 616 695 strumentum
647 654 879 708 receptam
912 663 1016 695 esse
1036 648 1269 694 Isocrates
1302 651 1437 695 testis
1470 654 1555 699 est,
1586 650 1676 697 hoc
1707 652 1866 708 ipsum
1895 653 2104 706 grauiter
2135 653 2384 709 increpans
2420 651 2484 707 [4,
2518 650 2648 706 1791:

294 721 362 775 τῆς
401 723 471 776 γῆς
512 718 668 775 ἁπάσης
698 722 763 775 τῆς
796 717 868 761 ὑπὸ
900 722 966 761 τῶι
993 718 1144 774 κόσμωι
1185 719 1363 774 κειμένης
1405 718 1498 776 δίχα
1538 721 1777 776 τετμημένης
1817 718 1883 762 καὶ
1920 724 1986 775 τῆς
2018 719 2088 775 μὲν
2114 719 2254 770 Ἀσίας,
2294 724 2361 776 τῆς
2392 719 2422 762 δ’
2459 719 2649 776 Εὐρώπης
2678 753 2680 755 »

292 788 545 846 καλουμένης,
571 789 640 845 τήν
660 787 839 845 ἡμίσειαν
860 789 904 831 ἐκ
925 791 996 831 τῶν
1016 789 1215 844 συνθηκῶν
1236 787 1404 847 εἴληφεν,
1436 787 1563 846 ὥσπερ
1584 790 1677 847 πρὸς
1698 791 1760 832 τὸν
1783 789 1856 833 Δία
1877 790 1944 846 τήν
1964 789 2096 848 χώραν
2117 788 2336 846 νεμόμενος,
2367 787 2458 832 ἀλλ’
2483 787 2529 831 οὐ
2552 789 2644 846 πρὸς

292 857 519 915 ἀνθρώπους
558 859 626 907 τὰς
669 858 864 915 συνθήκας
895 858 1132 915 ποιούμενος.
1201 859 1259 904 de
1297 861 1586 906 carminibus
1625 867 1670 906 et
1711 860 1795 906 illo
1836 860 1963 918 quod
1995 860 2256 906 Simonidis
2302 859 2410 916 1ΑΡ
2440 859 2532 905 VII
2563 862 2647 905 296

292 928 489 975 Aristid.
524 928 582 974 de
604 934 751 988 quatt.
775 930 860 975 uir.
883 943 927 987 p.
952 931 1038 975 209
1055 928 1223 985 Dind]
1258 929 1401 975 fertur
1432 935 1477 975 et
1499 931 1557 976 ab
1581 929 1775 988 Ephoro
1812 930 1972 986 [Diod.
2000 935 2066 983 11,
2089 930 2167 986 621
2202 933 2354 988 primo
2376 929 2645 976 adhibitum

290 1003 377 1051 est,
409 1003 455 1044 et
486 1000 554 1044 eis
587 1012 708 1057 quae
738 998 985 1058 lapidibus
1018 1001 1247 1056 inscripta
1278 1004 1389 1044 sunt
1425 999 1623 1054 [Kaibel
1645 999 1733 1044 EG
1766 1000 1861 1045 768.
1895 999 2020 1053 8441,
2053 1000 2142 1044 hoc
2173 1000 2278 1045 loco
2307 1006 2437 1046 taceo
2471 1002 2645 1057 quippe

291 1081 411 1125 quae
442 1067 770 1126 disputatione
810 1073 981 1126 egeant
1016 1068 1241 1124 longiore.
1305 1068 1667 1115 Eratosthenem
1708 1084 1819 1115 uero
1851 1070 2060 1115 Ionicam
2100 1075 2250 1115 terrae
2290 1071 2644 1127 bipart-itionem

288 1140 549 1184 correxisse
592 1153 701 1184 cum
744 1153 829 1197 pro
874 1140 1081 1196 partium
1125 1138 1511 1196 septentrionalis
1559 1145 1604 1184 et
1647 1138 1970 1184 meridionalis
2014 1139 2193 1185 finibus
2237 1153 2364 1184 mare
2408 1141 2643 1184 internum

287 1213 595 1266 montemque
625 1207 833 1254 Taurum
865 1209 1179 1267 proposuerit,
1211 1208 1416 1254 sufficiat
1449 1207 1716 1256 adnotasse.
2119 1250 2121 1252 ,

495 1277 665 1326 Restat
686 1282 740 1325 ut
762 1291 855 1336 qua
882 1279 1063 1324 ratione
1083 1277 1224 1324 Iones
1252 1281 1480 1323 terrarum
1503 1280 1849 1325 continentium
1871 1278 1990 1325 fines
2013 1280 2360 1332 constituerint,
2392 1292 2643 1337 exponam.

288 1350 516 1406 quoniam
571 1347 628 1394 de
676 1347 763 1394 hac
809 1362 856 1394 re
901 1346 1044 1405 Hugo
1091 1347 1265 1405 Berger
1311 1350 1359 1393 in
1403 1347 1525 1395 libro
1572 1348 1811 1406 praeclaro
1868 1352 2163 1407 summisque
2215 1349 2440 1395 laudibus
2497 1348 2641 1404 digno

285 1417 453 1476 paullo
493 1417 730 1466 infelicius
777 1419 930 1475 egisse
976 1418 1095 1464 mihi
1142 1417 1341 1464 uidetur.
1418 1423 1648 1464 terrarum
1696 1421 2059 1477 ἱρεωἬῃ-ϊιιοῐι
2102 1418 2403 1477 populorum,
2448 1421 2547 1464 ueri
2588 1433 2641 1463 ac

286 1488 527 1536 naturales
573 1488 693 1534 fines
740 1502 838 1534 non
885 1502 989 1534 esse
1035 1487 1347 1534 credebantur
1391 1490 1487 1534 nisi
1534 1494 1617 1533 aut
1663 1502 1788 1534 mare
1833 1459 2002 1548 ipssiim
2054 1495 2131 1534 :tut
2177 1503 2232 1533 ea
2274 1489 2474 1534 flumina
2519 1502 2641 1546 quae

284 1561 429 1605 maris
477 1561 629 1605 uicem
674 1563 902 1611 tenerent,
949 1561 1126 1617 quippe
1173 1572 1294 1616 quae
1340 1573 1396 1603 ex
1437 1559 1626 1605 Oceano
1675 1563 1810 1617 quasi
1850 1551 2088 1622 ρ’(πόρρω-,ες
2132 1561 2179 1603 in
2226 1573 2352 1604 mare
2399 1557 2638 1616 quoddam

285 1631 525 1675 internum
557 1628 759 1674 fluerent
790 1634 835 1674 et
865 1634 1147 1686 perpetuum
1179 1633 1381 1673 tractum
1415 1643 1646 1686 aquarum
1684 1631 2220 1688 terris&inter-ponerent.
2285 1643 2437 1686 neque
2467 1630 2639 1674 mirum

284 1700 325 1743 ei
365 1701 496 1755 genti
539 1713 659 1757 quae
704 1699 754 1743 in
800 1700 920 1743 mari
950 1698 1043 1743 fere
1081 1698 1331 1752 habitarit,
1378 1712 1537 1743 ueram
1577 1697 1737 1754 ἠπείρου
1780 1693 1982 1743 formam
2026 1701 2172 1742 uisam
2222 1712 2325 1742 esse
2366 1697 2636 1743 insularem.

283 1768 500 1828 denique,
542 1775 595 1814 ut
624 1768 727 1814 fieri
764 1767 888 1814 solet
919 1770 968 1812 in
1002 1769 1225 1814 omnibus
1264 1771 1487 1814 scientiae
1519 1769 1757 1814 humanae
1788 1766 2072 1826 primordiis.
2107 1768 2180 1823 lex
2212 1767 2463 1824 analogiae
2495 1782 2636 1824 quam

280 1838 542 1897 plurimum
603 1838 733 1897 apud
792 1838 905 1883 illos
963 1838 1167 1884 ualebat.
1258 1838 1443 1895 qualem
1503 1841 1648 1894 igitur
1708 1838 1851 1883 finem
1904 1853 2069 1883 uersus
2127 1837 2416 1883 occidentem
2467 1838 2636 1883 fretum

282 1907 575 1954 Gaditanum
623 1922 728 1953 esse
768 1913 1018 1958 nouerant,
1056 1908 1200 1952 talem
1245 1911 1295 1952 in
1338 1909 1507 1953 ultimo
1539 1908 1682 1953 Ponti
1714 1908 1893 1952 Euxini
1934 1907 2112 1963 angulo
2146 1909 2423 1963 quaesiuere
2454 1912 2499 1952 et
2530 1923 2635 1953 cum

279 1979 494 2024 inuenire
554 1992 653 2024 non
710 1982 921 2036 possent,
982 1977 1161 2023 flumen
1213 1977 1436 2023 Phasidis
1490 1991 1641 2035 usque
1692 1976 1751 2021 ad
1804 1976 2045 2023 Oceanum
2099 1983 2244 2022 terras
2296 1979 2634 2035 interrumpere

279 2062 515 2094 censuere.
579 2050 646 2093 ita
675 2046 933 2093 Phasidem
965 2048 1185 2104 Europae
1218 2048 1456 2104 Asiaeque
1488 2050 1741 2093 terminum
1773 2062 1876 2092 osse
1909 2046 2023 2092 dicit
2053 2046 2326 2105 Aeschylus
2363 2046 2468 2102 [frg.
2505 2047 2631 2101 191‘1:

278 2119 349 2172 πῆι
380 2116 450 2173 μὲν
481 2116 639 2173 δίδυμον
669 2116 811 2174 χθονὸς
844 2115 1033 2172 Εὐρώπης
1065 2116 1185 2172 μέγαν
1216 2114 1274 2171 ἠδ’
1305 2115 1432 2163 Ἀσίας
1463 2116 1627 2173 τέρμονα
1658 2117 1795 2158 Φᾶσιν.
1853 2116 1998 2174 paulo
2030 2122 2141 2174 post
2162 2118 2355 2161 extitere
2388 2117 2469 2172 qui
2491 2116 2634 2161 Asiae

278 2185 398 2232 fines
445 2199 597 2244 usque
644 2185 704 2231 ad
741 2185 1002 2231 Tanaidem
1049 2191 1093 2231 et
1136 2185 1347 2230 Maeotin
1393 2192 1726 2242 promouercnt
1775 2185 1903 2241 {Heu
1948 2191 1989 2238 4,
2029 2190 2086 2230 45
2131 2185 2273 2243 Hipp.
2317 2185 2386 2229 de.
2430 2199 2518 2229 aer.
2561 2199 2631 2242 aq.

276 2255 364 2301 loc.
401 2260 454 2302 13
474 2270 518 2315 p.
549 2259 617 2301 56.
656 2259 706 2300 17
730 2270 773 2313 p.
807 2259 863 2301 66
893 2255 1145 2311 Agathem.
1184 2259 1221 2306 1,
1253 2255 1316 2308 31.
1386 2257 1479 2299 iam
1522 2270 1632 2300 uero
1673 2254 1856 2299 Tanain
1895 2269 1953 2300 ex
1992 2255 2181 2300 Oceano
2219 2255 2364 2300 fluere
2396 2254 2633 2312 Scymnus

277 2325 523 2371 contendit
559 2325 730 2381 [schol.
764 2326 854 2383 Ap.
888 2327 1000 2380 Arg.
1034 2329 1076 2377 4,
1107 2325 1233 2378 2841,
1265 2327 1398 2369 cuius
1433 2327 1673 2382 opinionis
1714 2331 1765 2369 ut
1807 2327 1873 2369 ita
1912 2325 2065 2370 dicam
2104 2326 2354 2382 progenies
2386 2329 2457 2370 est
2488 2323 2635 2370 altera

278 2395 366 2440 illa
415 2397 652 2441 sententia
702 2397 872 2441 iterum
924 2397 1188 2451 iterumque
1242 2397 1441 2451 repetita
1492 2393 1548 2439 de
1598 2394 1773 2440 Maeoti
1825 2400 1871 2440 et
1922 2396 2039 2440 mari
2091 2394 2264 2452 Caspio
2315 2408 2399 2452 per
2449 2392 2632 2440 Tanain

275 2467 483 2518 conexis,
503 2464 562 2511 de
594 2480 689 2524 qua
720 2463 971 2511 conferatis
993 2463 1250 2521 Bergerum
1273 2479 1317 2522 p.
1341 2467 1406 2511 66.
1454 2479 1535 2522 per
1556 2464 1812 2511 l'hasidem
1845 2470 2004 2512 autem
2027 2466 2076 2511 in
2099 2463 2342 2511 Oceanum
2364 2478 2505 2523 posse
2525 2478 2631 2524 per·

275 2538 428 2582 ueniri
460 2536 851 2593 Argonautarum
883 2534 1101 2593 exemplo
1135 2533 1291 2580 doceri
1324 2532 1584 2581 uidebatur.
1650 2537 1784 2582 cuius
1819 2537 2059 2594 opinionis
2093 2533 2270 2593 duplex
2302 2536 2631 2581 testimonium

275 2611 405 2652 extat
436 2608 486 2652 in
517 2605 715 2653 scholiis
746 2605 973 2663 Apollon.
1008 2606 1119 2660 Arg.
1154 2609 1194 2656 4,
1233 2607 1331 2648 259.
1361 2608 1459 2655 ⁶284,
1492 2619 1516 2649 e
1558 2621 1759 2662 quorum
1793 2605 2121 2652 emendatione
2162 2610 2263 2651 tota
2302 2606 2418 2650 haec
2457 2605 2630 2662 pendet

275 2676 504 2732 quaestio.
566 2677 674 2732 ipsa
703 2674 920 2721 adscribo
954 2672 1226 2719 emendata:

483 2758 552 2788 us.
576 2747 662 2789 259
687 2742 917 2800 εΗρόδωρος
948 2744 987 2785 ἐν
1018 2745 1095 2790 τοῖς
1112 2741 1381 2799 Ἀργοναύταις
1413 2744 1619 2799 1,Ῐ”ι·3·.ἵ)’ζ)1
1655 2743 1748 2800 φησὶ
1780 2744 1844 2786 διὰ
1876 2748 1942 2799 τῆς
1972 2743 2090 2798 αὐτῆς
2117 2744 2382 2798 (κατ>ελθεῖν
2415 2742 2628 2798 θαλάσσης,

271 2812 316 2856 δι’
351 2810 396 2868 ἧς
436 2809 560 2868 ἦλθον
606 2813 660 2861 εἰς
698 2812 890 2870 Κόλχους.
951 2811 1162 2859 Ἑκαταῖος
1210 2810 1253 2853 δὲ
1294 2810 1315 2853 ὁ
1357 2812 1547 2867 Μιλήσιος
1583 2812 1688 2868 {frg.
1729 2813 1834 2867 3391
1871 2815 1914 2855 ἐκ
1952 2817 2019 2855 τοῦ
2057 2812 2229 2859 Φάσιδος
2260 2814 2427 2854 διελθεῖν
2470 2812 2523 2859 εἷς
2564 2813 2627 2854 τὸν

267 2880 468 2933 Ὠκεανόν,
521 2880 603 2925 εἶτα
658 2882 808 2925 ἐκεῖθεν
862 2881 914 2929 εἰς
959 2881 1023 2923 τὸν
1071 2881 1222 2931 Νεῖλον,
1265 2879 1357 2923 ὅθεν
1412 2882 1464 2929 εἰς
1510 2882 1577 2938 τὴν
1622 2881 1813 2938 ἡμετέραν
1862 2882 2074 2924 θάλασσαν.
2148 2884 2259 2923 τοῦτο
2304 2880 2348 2923 δὲ
2393 2880 2414 2922 ὁ
2443 2880 2628 2938 Ἰὗφέσιος

267 2950 545 3009 Ἀρτεμίδωρος
591 2950 731 3008 ψεῦδός
783 2967 900 3008 φησιν
947 2949 1055 2993 εἷναι.
1110 2950 1174 2993 τὸν
1228 2950 1301 3007 γὰρ
1354 2951 1480 2993 Φᾶσιν
1534 2952 1587 3008 μή
1645 2951 1876 3008 συμβάλλειν
1928 2955 1993 2994 τῶι
2029 2950 2231 3001 Ὠκεανῶι,
2287 2949 2369 2992 ἀλλ’
2420 2952 2458 2999 ἐξ
2505 2949 2628 3007 ὀρέων

269 3020 574 3079 καταφέρεσθαι.
633 3020 676 3063 τὸ
709 3018 804 3063 αὐτὸ
836 3017 901 3062 καὶ
928 3018 1216 3077 Ἐρατοσθένης
1254 3021 1293 3062 ἐν
1324 3023 1348 3077 ἶ
1378 3020 1662 3078 Γεωγραφικῶν
1699 3036 1804 3077 φησι.
1865 3021 2084 3077 Τιμάγητος
2124 3020 2168 3063 δὲ
2199 3023 2239 3064 ἐν
2269 3023 2297 3062 ἆ
2329 3018 2422 3077 Περὶ
2463 3020 2628 3076 λιμένων

268 3091 332 3132 τὸν
370 3089 440 3147 μὲν
471 3090 597 3132 Φᾶσιν
631 3106 656 3129 ιι»
688 3107 713 3130 κ·
753 3089 850 3146 (τὸν
881 3088 925 3131 δὲ
947 3086 1128 3146 Ἴστρον)
1155 3090 1448 3146 καταφέρεσθαι
1479 3092 1523 3132 ἐκ
1552 3094 1623 3132 τῶν
1649 3089 1842 3133 <Panium
1874 3090 2069 3146 1’κελτικῶν
2101 3090 2215 3144 eod.]
2251 3089 2358 3146 ὀρῶν,
2391 3087 2415 3131 ἅ
2447 3090 2526 3131 ἐστι
2561 3093 2628 3145 τῆς

271 3160 473 3216 Κελτικῆς,
515 3158 598 3203 εἶτα
636 3158 829 3202 ἐκδιδόναι
868 3158 922 3206 εἰς
954 3157 1111 3201 Κελτῶν
1149 3157 1295 3216 λίμνην,
1347 3159 1442 3215 μετὰ
1485 3159 1528 3202 δὲ
1566 3163 1687 3203 ταῦτα
1727 3160 1780 3208 εἰς
1819 3159 1887 3202 δύο
1932 3158 2130 3218 σχίζεσθαι
2170 3158 2213 3201 τὸ
2252 3156 2357 3216 ὕδωρ
2388 3156 2452 3200 καὶ
2483 3158 2526 3201 τὸ
2558 3157 2627 3216 μὲν

269 3231 323 3278 εἷς
352 3230 417 3273 τὸν
439 3226 616 3279 Εὔξεινον
643 3228 780 3272 πόντον
801 3227 1031 3286 εἰσβάλλειν,
1061 3228 1104 3271 τὸ
1126 3227 1170 3271 δὲ
1193 3228 1246 3277 εἰς
1267 3229 1334 3285 τήν
1359 3229 1549 3286 Κελτικὴν
1573 3229 1786 3281 θάλασσαν,
1818 3230 1882 3272 διὰ
1905 3228 1948 3271 δὲ
1978 3228 2112 3272 τούτου
2143 3232 2211 3271 τοῦ
2240 3227 2426 3285 στόματος
2456 3231 2623 3271 πλεῦσαι

267 3300 355 3348 τούς
396 3298 650 3357 Ἀργοναύτας
699 3297 765 3342 καὶ
810 3299 940 3342 ἐλθεῖν
995 3298 1048 3346 εἰς
1093 3297 1317 3356 Τυρρηνίαν.
1391 3301 1679 3342 κατακολουθεῖ
1730 3298 1774 3342 δὲ
1829 3298 1946 3341 αὐτῶν.
1991 3297 2057 3341 καὶ
2100 3297 2372 3345 Ἀπολλώνιος.
2438 3296 2624 3345 (Ησίοδος

273 3369 377 3425 [fl-g.
402 3368 480 3425 881
515 3367 559 3411 δὲ
595 3366 662 3411 καὶ
684 3366 872 3426 Πίνδαρος
904 3368 944 3412 ἐν
968 3366 1215 3416 Ιῐυθιονίκαις
1251 3369 1314 3423 144,
1346 3369 1422 3423 251
1458 3367 1522 3411 καὶ
1551 3367 1776 3426 Ἀντίμαχος
1808 3370 1848 3410 ἐν
1872 3368 1993 3424 Λόόηι
2017 3367 2114 3424 [frg.
2139 3366 2209 3424 56]
2240 3367 2303 3409 διὰ
2335 3371 2403 3409 τοῦ
2431 3366 2626 3409 Ὠκεανοῦ

267 3455 383 3496 φασιν
414 3440 543 3481 ἐλθεῖν
575 3438 714 3486 αὐτοὺς
746 3439 799 3486 εἰς
830 3438 977 3496 Λιβύην
1014 3436 1078 3480 καὶ
1117 3437 1383 3495 βαστάσαντας
1404 3439 1482 3494 ’τὴν
1510 3438 1644 3495 Ἀργὼ
1671 3439 1723 3486 εἰς
1755 3439 1796 3480 τὸ
1829 3438 2013 3495 ἡμέτερον
2054 3438 2221 3494 πέλαγος
2258 3436 2626 3494 <παρα>γενέσθαι.
