2953 3847
506 934 539 979 I.
593 933 816 980 Proximo
849 947 974 980 anno
1008 933 1271 984 uobiscum,
1299 929 1646 977 commilitones
1678 930 2028 984 humanissimi,
2061 931 2118 976 de
2141 931 2307 978 Cadmi
2332 931 2644 991 Europaeque

302 1003 479 1049 fabulis
525 1002 859 1050 confabulatus
906 1001 1023 1047 adeo
1070 1004 1119 1047 in
1165 1006 1355 1047 uastum
1402 999 1523 1046 illud
1568 1005 1614 1044 ct
1658 1001 1874 1055 ignotum
1921 1014 2048 1045 mare
2095 1001 2298 1046 Graecae
2346 1005 2643 1061 antiquitatis

303 1071 463 1118 studio
495 1071 745 1118 diuinandi
776 1076 823 1117 et
853 1071 1147 1117 coniectandi
1179 1071 1369 1117 ablatus
1401 1085 1522 1122 sum,
1559 1074 1613 1114 ut
1652 1075 1829 1115 certum
1867 1084 2058 1115 cursum
2100 1071 2193 1115 fere
2223 1071 2462 1128 perderem
2493 1087 2645 1130 neque

299 1144 342 1188 ei
374 1140 500 1200 quod
528 1144 836 1201 promiseram
866 1146 1053 1194 starem,
1084 1156 1158 1187 me
1189 1140 1238 1187 id
1261 1139 1413 1197 ζήτημα
1435 1154 1536 1185 esse
1567 1138 1837 1186 soluturum
1869 1139 1997 1197 quod
2017 1139 2286 1186 Herodotus
2317 1144 2565 1199 proposuit
2596 1144 2645 1187 in

299 1212 421 1258 libro
455 1217 621 1270 quarto
658 1211 784 1266 [45]:
816 1210 868 1266 ἡ.
890 1243 898 1252 .
931 1209 1098 1266 Εὐρώπη
1129 1207 1242 1253 οὔτε.
1263 1243 1272 1252 .
1302 1209 1554 1266 γινώσκεται.
1576 1241 1584 1250 .
1616 1206 1704 1251 οὔτε
1734 1209 1873 1251 ὁκόθεν
1904 1209 1947 1251 τὸ
1978 1206 2099 1266 ὄνομα
2131 1209 2249 1266 ἔλαβε
2286 1214 2395 1252 τοῦτο
2426 1208 2514 1253 οὔτε
2545 1210 2644 1259 ὅστις

299 1282 334 1324 οἱ
365 1279 412 1337 ἦν
442 1281 464 1324 ὁ
500 1281 660 1337 θέμενος
691 1279 886 1338 φαίνεται,
919 1281 952 1323 εἰ
990 1281 1043 1336 μὴ
1081 1279 1160 1322 ἀπὸ
1190 1284 1257 1336 τῆς
1287 1278 1426 1336 Τυρίης
1464 1278 1637 1334 φήσομεν
1677 1278 1864 1335 Εὐρώπης
1906 1280 2035 1335 λαβεῖν
2075 1279 2117 1320 τὸ
2155 1276 2276 1335 ὄνομα
2314 1281 2381 1335 τὴν
2420 1281 2614 1337 χώρην..

299 1349 391 1394 ἀλλ’
437 1348 535 1406 αὕτη
576 1367 621 1407 γε
659 1351 703 1393 ἐκ
742 1353 809 1405 τῆς
842 1348 969 1405 Ἀσίης
989 1355 1050 1395 ’ἐ
1138 1347 1147 1362 ’
1191 1366 1254 1392 ται
1285 1350 1404 1392 ἐοῦσα
1433 1346 1498 1391 καὶ
1535 1346 1606 1390 οὐκ
1639 1346 1853 1404 ἀπικομένη
1892 1349 1930 1396 ἐς
1967 1348 2034 1404 τὴν
2065 1352 2135 1404 ,ἦν
2166 1349 2308 1404 ταύτην
2344 1347 2405 1405 ἥτ’.
2466 1354 2531 1392 νῦν
2571 1349 2644 1392 ὑπὸ

293 1419 496 1477 Ἑλλήνων
527 1419 696 1478 Εὐρώπη
736 1421 921 1470 καλεῖται,
960 1366 1250 1605 dl*
1279 1416 1464 1474 Φοινίκης
1495 1419 1532 1466 ἐς
1565 1416 1732 1474 Κρήτην,
1770 1419 1814 1461 ἐκ
1845 1417 2001 1475 Κρήτης
2031 1417 2074 1461 δὲ
2106 1436 2144 1466 ες
2176 1417 2330 1475 Λυκίην.
2399 1421 2493 1465 iam
2525 1435 2642 1478 quo..

298 1489 439 1536 modo
471 1490 648 1536 factum
680 1491 743 1535 sit
773 1494 824 1535 ut
853 1489 962 1536 deae
993 1492 1055 1538 an
1171 1503 1225 1534 ae
1256 1503 1429 1535 nomen
1460 1502 1518 1534 ex
1550 1487 1724 1535 fabulis
1766 1487 1860 1534 fere
1892 1487 2174 1535 oblitteratis
2215 1491 2265 1534 in
2303 1489 2642 1548 geographiam

300 1559 656 1618 humanamque
687 1573 839 1605 rerum
869 1561 1069 1618 ipsarun
1116 1559 1361 1604 scientiam
1393 1560 1671 1617 perueniret,
1701 1558 1835 1604 breui
1866 1572 2114 1617 exponam.

507 1630 726 1687 Europae
759 1629 869 1674 deae
890 1621 1098 1674 Telluris
1131 1643 1304 1675 nomen
1336 1629 1394 1674 ab
1428 1630 1486 1673 iis
1510 1629 1794 1673 Graecorum
1815 1630 2039 1684 gentibus
2067 1642 2187 1686 quae
2209 1634 2320 1687 post
2341 1629 2643 1675 Doriensium

300 1701 676 1756 immigrationes
709 1698 769 1745 ad
798 1700 946 1745 Asiae
978 1712 1106 1744 oram
1136 1712 1291 1744 nouas
1324 1698 1464 1744 urbes
1501 1711 1770 1757 nouamque
1800 1698 1971 1745 Ionum
2002 1701 2243 1744 nationem
2275 1698 2538 1752 condidere,
2570 1700 2642 1744 in-

299 1768 452 1813 ditum
483 1783 586 1813 esse
618 1771 839 1826 apparuit
870 1771 912 1812 ei
941 1774 1089 1813 terrae
1121 1783 1241 1826 quae
1271 1773 1383 1826 post
1414 1783 1518 1813 oras
1550 1770 1609 1814 ab
1643 1771 1710 1813 eis
1743 1774 1995 1826 occupatas
2026 1770 2239 1827 porrigit,
2271 1768 2435 1813 Cariae
2466 1769 2645 1814 scilicet

298 1838 580 1896 Lyciaeque.
654 1838 801 1884 simili
839 1840 1020 1884 ratione
1062 1837 1415 1890 ChalcidenseS,
1459 1840 1540 1895 qui
1583 1839 1918 1895 paeninsulam
1961 1853 2080 1895 quae
2122 1840 2180 1885 ab
2221 1841 2279 1883 iis
2319 1853 2491 1884 nomen
2533 1839 2646 1884 tulit

298 1907 596 1961 habitabant,
629 1906 822 1953 adducti
853 1922 956 1953 esse
986 1906 1224 1960 uidentur,
1255 1912 1309 1953 ut
1338 1910 1387 1953 in
1419 1913 1542 1953 te1ra
1571 1910 1832 1954 continenti
1864 1921 1984 1965 quac
2016 1923 2044 1953 a
2074 1910 2395 1966 septentrione
2424 1909 2645 1955 obstabat

297 1977 542 2035 Europam
573 1977 819 2024 habitasse
849 1977 1191 2030 fabularentur,
1223 1991 1343 2034 quae
1385 1977 1548 2023 fabula
1578 1982 1709 2022 extat
1750 1980 1800 2023 in
1831 1977 1978 2023 schol.
2011 1977 2155 2023 Rhes.
2189 1981 2269 2024 28:
2311 1978 2493 2035 καθάπερ
2518 1977 2589 2020 Η
2577 1995 2644 2034 (η

296 2063 433 2095 σιππος
469 2048 510 2089 ἐν
547 2047 624 2094 τοῖς
656 2046 939 2101 Παλληνιακοῒς
968 2046 1129 2103 γράφων
1159 2063 1300 2094 ουτως·
1333 2045 1512 2102 Κάδμος
1543 2046 1610 2089 σύν
1639 2050 1701 2102 τῆι
1732 2045 1845 2103 μητρὶ
1876 2050 1942 2102 τῆς
1974 2045 2162 2103 Εὐρώπης
2193 2046 2444 2104 Τηλεφάηι
2430 2065 2490 2090 επι
2483 2046 2528 2090 ἐι
2557 2046 2642 2104 περὶ

295 2114 446 2172 ἀθήνας
481 2116 780 2172 [coniecerim
811 2114 920 2158 επλει
949 2131 1035 2172 περι
1068 2115 1296 2171 Παλληνην]
1331 2132 1396 2158 και
1427 2115 1662 2159 ἐπυνθάνετο
1694 2115 1883 2173 Εὐρώπην
1913 2112 2048 2174 ἄρχειν
2095 2117 2167 2174 [ἐχ
2198 2116 2475 2175 compendio
2517 2116 2644 2176 quod

296 2187 668 2244 superscriptum
710 2190 809 2232 erat
849 2184 1119 2233 oblitterato
1158 2185 1224 2240 A]
1268 2187 1309 2229 ἐν
1347 2189 1410 2241 τῆι
1448 2185 1613 2241 Θράικηι
1648 2184 1713 2229 καὶ
1756 2184 1878 2234 οὕτως
1917 2185 2078 2243 ἀφίκετο
2117 2187 2170 2234 εἰς
2211 2186 2279 2242 τὴν
2317 2186 2397 2229 κατ’
2442 2186 2644 2244 ἀντιπέραν

295 2252 466 2314 ἤπειρον.
524 2252 589 2298 καὶ
618 2251 739 2313 ἦρχεν
774 2256 814 2298 ἐν
843 2257 906 2312 τῆι
932 2254 1059 2313 χώραι
1088 2254 1224 2312 ταύτηι
1254 2255 1405 2299 πάντων
1437 2253 1604 2313 Εὐρώπη
1647 2256 1736 2312 [τοῦ
1766 2254 1903 2314 ἀνδρὸς
1934 2254 2257 2314 ἀπολειφθεῖσα],
2291 2255 2366 2315 οὐχ
2396 2255 2422 2313 ἡ
2454 2255 2643 2307 Φοίνικος,

296 2324 379 2368 ἀλλ’
409 2324 603 2383 ἐπιχωρία
632 2340 686 2373 τις
715 2325 808 2382 γυνὴ
844 2327 944 2381 (τοῦ
976 2324 1112 2383 ἀνδρὸς
1142 2324 1475 2383 ἀπολειφθεῖσα),
1502 2324 1557 2383 ἀφ
1582 2322 1643 2382 ’ἧς
1672 2324 1737 2369 καὶ
1764 2324 1790 2382 ἡ
1820 2322 1978 2383 ἤπειρος
2003 2323 2138 2370 ἅπασα
2165 2325 2306 2383 ἡπρὸς
2333 2326 2473 2385 βορέαν
2503 2325 2644 2384 ἄνεμον

296 2393 464 2453 Εὐρώπη
494 2394 688 2451 κέκληται,
740 2400 881 2453 atque
913 2395 991 2441 uel
1013 2397 1180 2453 quinto
1213 2394 1401 2442 saeculo
1424 2394 1672 2441 Thraciam
1695 2400 1740 2441 et
1760 2395 2090 2442 Macedoniam
2120 2394 2201 2439 κατ’
2228 2394 2381 2455 ’ἐξοχὴν
2403 2397 2643 2457 Europam

296 2479 400 2510 esse
430 2468 701 2511 nominatas
728 2463 1000 2511 Herodotus
1030 2465 1190 2523 prodit
1221 2480 1328 2511 cum
1359 2465 1474 2511 dicit
1508 2466 1571 2520 [7,
1592 2466 1662 2521 813
1686 2485 1739 2501 =
1763 2470 1816 2511 10
1837 2466 1907 2522 β];
1947 2466 2078 2521 μέλλω
2111 2467 2243 2516 ζεύξας
2274 2467 2642 2523 τόνἙλλήσποντον

295 2534 388 2576 ἐλᾶν
419 2535 579 2592 στρατὸν
617 2535 681 2577 διὰ
712 2538 779 2590 τῆς
809 2533 999 2591 Εὐρώπης
1041 2533 1103 2578 ἐπὶ
1130 2535 1198 2591 τὴν
1223 2534 1402 2578 Ἑλλάδα
1433 2534 1512 2581 uel
1546 2535 1610 2590 [6,
1641 2535 1718 2589 43]
1754 2535 1955 2592 διαβάντες
1996 2540 2097 2592 τῆισι
2128 2535 2236 2592 νηυσὶ
2266 2537 2330 2578 τὸν
2354 2536 2643 2593 <ΙΞΣλλήσποντον

295 2603 523 2660 ἐπορεύοντο
550 2604 615 2646 διὰ
646 2607 713 2660 τῆς
734 2602 932 2660 Εὐρώπης,
963 2604 1192 2661 ἐπορεύοντο
1223 2603 1266 2646 δὲ
1298 2602 1360 2646 ἐπί
1381 2603 1642 2660 τεἘρέτριαν
1671 2603 1738 2646 καὶ
1759 2604 1930 2660 Αθήνας.
1991 2620 2143 2663 neque
2173 2606 2641 2664 praetermittendum

294 2671 484 2719 uidetur
513 2672 835 2732 Sarpedonem
865 2675 915 2718 in
946 2672 1170 2719 Thraciae
1203 2687 1390 2731 quoque
1423 2688 1503 2720 ora
1533 2676 1741 2720 nominis
1773 2676 2051 2720 memoriam
2083 2675 2352 2732 reliquisse:
2405 2677 2458 2721 cf.
2492 2676 2639 2722 schol.

295 2742 386 2800 Ap.
418 2742 572 2790 Rhod.
609 2748 648 2796 1,
687 2746 783 2789 211.
825 2746 910 2788 216
950 2741 1093 2788 Rhes.
1128 2745 1182 2789 28
1222 2742 1383 2800 Steph.
1417 2743 1529 2800 Byz.
1562 2757 1604 2800 p.
1635 2747 1734 2796 557,
1769 2748 1818 2789 11
1862 2743 2113 2790 Herodian.
2155 2762 2192 2786 π.
2224 2761 2305 2800 μον.
2335 2748 2408 2793 λεξ.
2438 2761 2481 2803 p,
2514 2750 2555 2798 9,
2591 2750 2644 2792 10

299 2810 468 2870 [Soph.
495 2813 579 2869 frg.
603 2812 699 2868 43].
730 2813 841 2858 Hes.
865 2812 1004 2859 Phot.
1038 2827 1072 2857 s.
1096 2827 1139 2858 u.
1163 2812 1375 2869 Σαρπηδὼν
1406 2811 1505 2867 ἀκτή
1526 2812 1700 2860 Zenob.
1734 2817 1774 2866 5,
1807 2817 1863 2859 86
1893 2812 2062 2858 Herod.
2089 2818 2126 2866 7,
2159 2818 2214 2860 58
2247 2814 2398 2860 Strab.
2433 2819 2455 2860 7
2481 2830 2524 2873 p.
2558 2819 2638 2861 331

296 2880 377 2936 frg.
420 2884 488 2926 52.
568 2883 785 2941 Denique
823 2882 970 2927 fuisse
1009 2896 1117 2928 cum
1157 2896 1212 2927 ea
1253 2888 1402 2927 terrae
1445 2884 1731 2928 continentis
1773 2897 1882 2939 pars
1924 2898 2046 2940 quae
2087 2883 2418 2941 Peloponneso
2467 2900 2495 2929 a
2533 2900 2640 2942 sep-

295 2952 529 2996 tentrione
574 2957 647 2998 est
692 2958 832 3010 atque
872 2965 900 2996 a
947 2951 1139 2996 Graecis
1185 2951 1506 3006 habitabatur,
1555 2951 1749 3010 Europa
1794 2952 2127 3010 appellaretur,
2183 2960 2324 3010 poeta
2376 2955 2544 3011 hymni
2592 2956 2640 2999 in

295 3018 570 3075 Apollinem
592 3022 824 3080 Pythium
855 3026 1017 3067 auctor
1047 3026 1121 3066 est
1154 3022 1259 3077 [247
1294 3035 1360 3079 sq.
1395 3021 1448 3065 cf.
1482 3024 1563 3066 287
1598 3021 1716 3079 sq.]:

845 3089 1048 3148 Τελφοΰσ’,
1079 3090 1223 3133 ἐνθάδε
1251 3091 1301 3147 δὴ
1331 3091 1482 3148 φρονέω
1513 3091 1748 3147 περικαλλέα
1787 3092 1877 3147 νηὸν

845 3158 1061 3217 ἀνθρώπων
1091 3163 1220 3208 τεῦξαι
1248 3159 1497 3218 χρηστήριον·
1527 3158 1606 3201 οἵτε
1636 3177 1700 3216 μοι
1732 3160 1807 3202 αἰεὶ

847 3227 980 3272 ἐνθάδ’
1015 3228 1239 3285 ἀγινήσουσι
1268 3229 1478 3285 τεληέσσας
1509 3229 1738 3286 ἑκατόμβας,

846 3296 944 3354 ἠμὲν
973 3295 1057 3340 ὅσοι
1090 3297 1380 3354 Πελοπόννησον
1410 3296 1558 3355 πίειραν
1590 3296 1744 3356 ἔχουσιν

842 3366 901 3424 ἠδ’
936 3365 1020 3410 ὅσοι
1051 3366 1241 3424 Εὐρώπην
1281 3384 1323 3410 τε
1358 3366 1422 3410 καὶ
1461 3366 1676 3424 ἀμφιρύτας
1707 3368 1806 3409 κατὰ
1838 3367 2034 3423 νήσους..
